{
  "name": "Diskont-Marken Produkte Billa/Spar",
  "items": [
    {
      "store": "billa",
      "id": "00-307054",
      "name": "Clever  Maracuja Fruchtmolke",
      "category": "34",
      "unavailable": false,
      "price": 0.85,
      "priceHistory": [
        {
          "date": "2023-04-29",
          "price": 0.85,
          "unitPrice": 1.7
        },
        {
          "date": "2022-12-26",
          "price": 0.89,
          "unitPrice": 1.78
        },
        {
          "date": "2022-06-20",
          "price": 0.79,
          "unitPrice": 1.58
        },
        {
          "date": "2022-06-08",
          "price": 0.69,
          "unitPrice": 1.38
        },
        {
          "date": "2022-06-02",
          "price": 0.79,
          "unitPrice": 1.58
        },
        {
          "date": "2022-02-28",
          "price": 0.69,
          "unitPrice": 1.38
        },
        {
          "date": "2020-01-30",
          "price": 0.65,
          "unitPrice": 1.3
        },
        {
          "date": "2017-09-09",
          "price": 0.59,
          "unitPrice": 1.18
        },
        {
          "date": "2017-06-01",
          "price": 0.49,
          "unitPrice": 0.98
        },
        {
          "date": "2017-05-23",
          "price": 0.55,
          "unitPrice": 1.1
        },
        {
          "date": "2017-04-05",
          "price": 0.59,
          "unitPrice": 1.18
        }
      ],
      "isWeighted": false,
      "unit": "ml",
      "quantity": 500,
      "bio": false,
      "url": "",
      "search": "clever  maracuja fruchtmolke 500 ml"
    },
    {
      "store": "spar",
      "id": "4466093",
      "name": "S-BUDGET Frucht-Molke Maracuja",
      "category": "34",
      "unavailable": false,
      "price": 0.85,
      "priceHistory": [
        {
          "date": "2023-04-28",
          "price": 0.85,
          "unitPrice": 1.7
        },
        {
          "date": "2022-12-29",
          "price": 0.89,
          "unitPrice": 1.78
        },
        {
          "date": "2022-09-30",
          "price": 0.79,
          "unitPrice": 1.58
        },
        {
          "date": "2022-02-23",
          "price": 0.69,
          "unitPrice": 1.38
        },
        {
          "date": "2022-02-11",
          "price": 0.68,
          "unitPrice": 1.36
        },
        {
          "date": "2020-03-07",
          "price": 0.65,
          "unitPrice": 1.3
        },
        {
          "date": "2017-11-11",
          "price": 0.59,
          "unitPrice": 1.18
        },
        {
          "date": "2017-06-20",
          "price": 0.49,
          "unitPrice": 0.98
        },
        {
          "date": "2017-04-20",
          "price": 0.59,
          "unitPrice": 1.18
        }
      ],
      "isWeighted": false,
      "unit": "ml",
      "quantity": 500,
      "bio": false,
      "url": "",
      "search": "s-budget frucht-molke maracuja 500 ml"
    },
    {
      "store": "billa",
      "id": "00-607024",
      "name": "Clever Aceto Balsamico die Modena",
      "category": "53",
      "unavailable": false,
      "price": 1.29,
      "priceHistory": [
        {
          "date": "2022-01-24",
          "price": 1.29,
          "unitPrice": 2.58
        },
        {
          "date": "2018-01-11",
          "price": 1.19,
          "unitPrice": 2.38
        },
        {
          "date": "2017-04-05",
          "price": 0.99,
          "unitPrice": 1.98
        }
      ],
      "isWeighted": false,
      "unit": "ml",
      "quantity": 500,
      "bio": false,
      "url": "",
      "search": "clever aceto balsamico die modena 500 ml"
    },
    {
      "store": "spar",
      "id": "2020001082438",
      "name": "S-BUDGET Aceto Balsamico di Modena I. G. P.",
      "category": "5F",
      "unavailable": false,
      "price": 1.29,
      "priceHistory": [
        {
          "date": "2023-04-28",
          "price": 1.29,
          "unitPrice": 2.58
        },
        {
          "date": "2023-02-14",
          "price": 1.69,
          "unitPrice": 3.38
        },
        {
          "date": "2022-01-19",
          "price": 1.29,
          "unitPrice": 2.58
        },
        {
          "date": "2018-01-10",
          "price": 1.19,
          "unitPrice": 2.38
        },
        {
          "date": "2017-04-20",
          "price": 0.99,
          "unitPrice": 1.98
        }
      ],
      "isWeighted": false,
      "unit": "ml",
      "quantity": 500,
      "bio": false,
      "url": "",
      "search": "s-budget aceto balsamico di modena i. g. p. 500 ml"
    },
    {
      "store": "billa",
      "id": "00-479352",
      "name": "Clever Ananas Scheiben in Ananassaft",
      "category": "57",
      "unavailable": false,
      "price": 2.29,
      "priceHistory": [
        {
          "date": "2023-01-11",
          "price": 2.29,
          "unitPrice": 2.775757575757576
        }
      ],
      "isWeighted": false,
      "unit": "g",
      "quantity": 825,
      "bio": false,
      "url": "",
      "search": "clever ananas scheiben in ananassaft 825 g"
    },
    {
      "store": "spar",
      "id": "6602994",
      "name": "S-BUDGET Ananasscheiben",
      "category": "57",
      "unavailable": false,
      "price": 2.29,
      "priceHistory": [
        {
          "date": "2022-09-30",
          "price": 2.29,
          "unitPrice": 2.775757575757576
        },
        {
          "date": "2022-04-06",
          "price": 2.19,
          "unitPrice": 2.6545454545454548
        },
        {
          "date": "2020-07-01",
          "price": 1.89,
          "unitPrice": 2.290909090909091
        },
        {
          "date": "2018-10-24",
          "price": 1.59,
          "unitPrice": 1.9272727272727272
        },
        {
          "date": "2017-11-11",
          "price": 1.69,
          "unitPrice": 2.0484848484848484
        },
        {
          "date": "2017-04-20",
          "price": 1.68,
          "unitPrice": 2.0363636363636366
        }
      ],
      "isWeighted": false,
      "unit": "g",
      "quantity": 825,
      "bio": false,
      "url": "",
      "search": "s-budget ananasscheiben 825 g"
    },
    {
      "store": "billa",
      "id": "00-501108",
      "name": "Clever Apfelessig",
      "category": "53",
      "unavailable": false,
      "price": 0.99,
      "priceHistory": [
        {
          "date": "2022-12-20",
          "price": 0.99,
          "unitPrice": 0.99
        },
        {
          "date": "2022-10-01",
          "price": 0.89,
          "unitPrice": 0.89
        },
        {
          "date": "2022-04-21",
          "price": 0.79,
          "unitPrice": 0.79
        },
        {
          "date": "2022-01-31",
          "price": 0.75,
          "unitPrice": 0.75
        },
        {
          "date": "2018-07-26",
          "price": 0.69,
          "unitPrice": 0.69
        },
        {
          "date": "2018-01-05",
          "price": 0.89,
          "unitPrice": 0.89
        },
        {
          "date": "2017-04-05",
          "price": 0.69,
          "unitPrice": 0.69
        }
      ],
      "isWeighted": false,
      "unit": "ml",
      "quantity": 1000,
      "bio": false,
      "url": "",
      "search": "clever apfelessig 1000 ml"
    },
    {
      "store": "spar",
      "id": "6481704",
      "name": "S-BUDGET Apfelessig",
      "category": "5F",
      "unavailable": false,
      "price": 0.99,
      "priceHistory": [
        {
          "date": "2022-12-21",
          "price": 0.99,
          "unitPrice": 0.99
        },
        {
          "date": "2022-09-30",
          "price": 0.89,
          "unitPrice": 0.89
        },
        {
          "date": "2022-02-16",
          "price": 0.75,
          "unitPrice": 0.75
        },
        {
          "date": "2022-01-19",
          "price": 0.89,
          "unitPrice": 0.89
        },
        {
          "date": "2018-08-08",
          "price": 0.69,
          "unitPrice": 0.69
        },
        {
          "date": "2018-01-10",
          "price": 0.89,
          "unitPrice": 0.89
        },
        {
          "date": "2017-04-20",
          "price": 0.69,
          "unitPrice": 0.69
        }
      ],
      "isWeighted": false,
      "unit": "ml",
      "quantity": 1000,
      "bio": false,
      "url": "",
      "search": "s-budget apfelessig 1000 ml"
    },
    {
      "store": "billa",
      "id": "00-447481",
      "name": "Clever Apfelmus ohne Zucker",
      "category": "57",
      "unavailable": false,
      "price": 1.19,
      "priceHistory": [
        {
          "date": "2023-04-22",
          "price": 1.19,
          "unitPrice": 1.7
        },
        {
          "date": "2022-11-03",
          "price": 1.09,
          "unitPrice": 1.5571428571428572
        },
        {
          "date": "2022-10-06",
          "price": 0.98,
          "unitPrice": 1.4
        },
        {
          "date": "2022-04-01",
          "price": 0.99,
          "unitPrice": 1.4142857142857144
        }
      ],
      "isWeighted": false,
      "unit": "g",
      "quantity": 700,
      "bio": false,
      "url": "",
      "search": "clever apfelmus ohne zucker 700 g"
    },
    {
      "store": "spar",
      "id": "2020001635306",
      "name": "S-BUDGET Apfelmus ungezuckert",
      "category": "57",
      "unavailable": false,
      "price": 1.19,
      "priceHistory": [
        {
          "date": "2023-05-23",
          "price": 1.19,
          "unitPrice": 1.7
        },
        {
          "date": "2022-11-15",
          "price": 1.09,
          "unitPrice": 1.5571428571428572
        },
        {
          "date": "2022-09-30",
          "price": 0.98,
          "unitPrice": 1.4
        },
        {
          "date": "2021-12-08",
          "price": 0.99,
          "unitPrice": 1.4142857142857144
        },
        {
          "date": "2017-11-10",
          "price": 0.89,
          "unitPrice": 1.2714285714285714
        },
        {
          "date": "2017-05-12",
          "price": 0.85,
          "unitPrice": 1.2142857142857142
        },
        {
          "date": "2017-04-20",
          "price": 0.89,
          "unitPrice": 1.2714285714285714
        }
      ],
      "isWeighted": false,
      "unit": "g",
      "quantity": 700,
      "bio": false,
      "url": "",
      "search": "s-budget apfelmus ungezuckert 700 g"
    },
    {
      "store": "billa",
      "id": "00-857020",
      "name": "Clever Apfelnektar",
      "category": "20",
      "unavailable": false,
      "price": 0.99,
      "priceHistory": [
        {
          "date": "2023-04-22",
          "price": 0.99,
          "unitPrice": 0.66
        },
        {
          "date": "2023-03-02",
          "price": 0.95,
          "unitPrice": 0.6333333333333333
        },
        {
          "date": "2022-12-06",
          "price": 0.99,
          "unitPrice": 0.66
        },
        {
          "date": "2022-09-19",
          "price": 0.89,
          "unitPrice": 0.5933333333333333
        },
        {
          "date": "2022-08-27",
          "price": 0.95,
          "unitPrice": 0.6333333333333333
        },
        {
          "date": "2022-03-22",
          "price": 0.89,
          "unitPrice": 0.5933333333333333
        },
        {
          "date": "2020-07-16",
          "price": 0.95,
          "unitPrice": 0.6333333333333333
        },
        {
          "date": "2017-12-07",
          "price": 0.85,
          "unitPrice": 0.5666666666666667
        },
        {
          "date": "2017-04-05",
          "price": 0.69,
          "unitPrice": 0.45999999999999996
        }
      ],
      "isWeighted": false,
      "unit": "ml",
      "quantity": 1500,
      "bio": false,
      "url": "",
      "search": "clever apfelnektar 1500 ml"
    },
    {
      "store": "spar",
      "id": "7354038",
      "name": "S-BUDGET Apfelnektar aus Apfelsaftkonzentrat, 50%",
      "category": "20",
      "unavailable": false,
      "price": 0.99,
      "priceHistory": [
        {
          "date": "2023-05-05",
          "price": 0.99,
          "unitPrice": 0.66
        },
        {
          "date": "2023-02-14",
          "price": 0.95,
          "unitPrice": 0.6333333333333333
        },
        {
          "date": "2022-12-06",
          "price": 0.99,
          "unitPrice": 0.66
        },
        {
          "date": "2022-02-08",
          "price": 0.89,
          "unitPrice": 0.5933333333333333
        },
        {
          "date": "2020-01-22",
          "price": 0.95,
          "unitPrice": 0.6333333333333333
        },
        {
          "date": "2017-12-12",
          "price": 0.85,
          "unitPrice": 0.5666666666666667
        },
        {
          "date": "2017-04-20",
          "price": 0.69,
          "unitPrice": 0.45999999999999996
        }
      ],
      "isWeighted": false,
      "unit": "ml",
      "quantity": 1500,
      "bio": false,
      "url": "",
      "search": "s-budget apfelnektar aus apfelsaftkonzentrat. 50% 1500 ml"
    },
    {
      "store": "billa",
      "id": "00-861714",
      "name": "Clever Apfelsaft",
      "category": "20",
      "unavailable": false,
      "price": 0.83,
      "priceHistory": [
        {
          "date": "2023-05-06",
          "price": 0.83,
          "unitPrice": 0.83
        },
        {
          "date": "2023-02-16",
          "price": 0.85,
          "unitPrice": 0.85
        },
        {
          "date": "2023-02-02",
          "price": 0.89,
          "unitPrice": 0.89
        },
        {
          "date": "2022-10-31",
          "price": 0.99,
          "unitPrice": 0.99
        },
        {
          "date": "2020-01-16",
          "price": 0.89,
          "unitPrice": 0.89
        },
        {
          "date": "2018-12-13",
          "price": 0.79,
          "unitPrice": 0.79
        },
        {
          "date": "2017-12-07",
          "price": 0.85,
          "unitPrice": 0.85
        },
        {
          "date": "2017-04-05",
          "price": 0.69,
          "unitPrice": 0.69
        }
      ],
      "isWeighted": false,
      "unit": "ml",
      "quantity": 1000,
      "bio": false,
      "url": "",
      "search": "clever apfelsaft 1000 ml"
    },
    {
      "store": "spar",
      "id": "2020004602114",
      "name": "S-BUDGET 100% Apfel 100% Apfelsaft",
      "category": "20",
      "unavailable": false,
      "price": 0.83,
      "priceHistory": [
        {
          "date": "2023-05-16",
          "price": 0.83,
          "unitPrice": 0.83
        },
        {
          "date": "2023-04-07",
          "price": 0.85,
          "unitPrice": 0.85
        }
      ],
      "isWeighted": false,
      "unit": "ml",
      "quantity": 1000,
      "bio": false,
      "url": "",
      "search": "s-budget 100% apfel 100% apfelsaft 1000 ml"
    },
    {
      "store": "billa",
      "id": "00-790114",
      "name": "Clever Artischocken gegrillt",
      "category": "57",
      "unavailable": false,
      "price": 1.99,
      "priceHistory": [
        {
          "date": "2023-06-13",
          "price": 1.99,
          "unitPrice": 7.107142857142857
        },
        {
          "date": "2023-03-02",
          "price": 1.89,
          "unitPrice": 6.75
        },
        {
          "date": "2023-02-28",
          "price": 1.99,
          "unitPrice": 7.107142857142857
        },
        {
          "date": "2022-04-14",
          "price": 1.49,
          "unitPrice": 5.321428571428571
        },
        {
          "date": "2021-04-07",
          "price": 1.19,
          "unitPrice": 4.249999999999999
        },
        {
          "date": "2017-04-05",
          "price": 1.59,
          "unitPrice": 5.678571428571429
        }
      ],
      "isWeighted": false,
      "unit": "g",
      "quantity": 280,
      "bio": false,
      "url": "",
      "search": "clever artischocken gegrillt 280 g"
    },
    {
      "store": "spar",
      "id": "2020001355679",
      "name": "S-BUDGET Artischocken gegrillt",
      "category": "57",
      "unavailable": false,
      "price": 1.99,
      "priceHistory": [
        {
          "date": "2022-09-30",
          "price": 1.99,
          "unitPrice": 7.107142857142857
        },
        {
          "date": "2017-06-22",
          "price": 1.59,
          "unitPrice": 5.678571428571429
        },
        {
          "date": "2017-04-20",
          "price": 1.58,
          "unitPrice": 5.642857142857143
        }
      ],
      "isWeighted": false,
      "unit": "g",
      "quantity": 280,
      "bio": false,
      "url": "",
      "search": "s-budget artischocken gegrillt 280 g"
    },
    {
      "store": "billa",
      "id": "00-399881",
      "name": "Clever Back- & Kochschokolade",
      "category": "52",
      "unavailable": false,
      "price": 1.89,
      "priceHistory": [
        {
          "date": "2023-04-15",
          "price": 1.89,
          "unitPrice": 4.725
        },
        {
          "date": "2023-02-17",
          "price": 1.99,
          "unitPrice": 4.9750000000000005
        },
        {
          "date": "2022-10-06",
          "price": 1.59,
          "unitPrice": 3.975
        },
        {
          "date": "2022-10-03",
          "price": 1.43,
          "unitPrice": 3.575
        },
        {
          "date": "2022-04-21",
          "price": 1.59,
          "unitPrice": 3.975
        },
        {
          "date": "2021-11-27",
          "price": 1.49,
          "unitPrice": 3.725
        },
        {
          "date": "2021-11-25",
          "price": 1.12,
          "unitPrice": 2.8000000000000003
        },
        {
          "date": "2020-12-16",
          "price": 1.49,
          "unitPrice": 3.725
        }
      ],
      "isWeighted": false,
      "unit": "g",
      "quantity": 400,
      "bio": false,
      "url": "",
      "search": "clever back- & kochschokolade 400 g"
    },
    {
      "store": "spar",
      "id": "7212666",
      "name": "S-BUDGET Back- & Kochschokolade 400G",
      "category": "52",
      "unavailable": false,
      "price": 1.89,
      "priceHistory": [
        {
          "date": "2023-04-05",
          "price": 1.89,
          "unitPrice": 4.725
        },
        {
          "date": "2023-03-21",
          "price": 1.79,
          "unitPrice": 4.475
        },
        {
          "date": "2022-09-30",
          "price": 1.59,
          "unitPrice": 3.975
        },
        {
          "date": "2017-04-20",
          "price": 1.49,
          "unitPrice": 3.725
        }
      ],
      "isWeighted": false,
      "unit": "g",
      "quantity": 400,
      "bio": false,
      "url": "",
      "search": "s-budget back- & kochschokolade 400g 400 g"
    },
    {
      "store": "billa",
      "id": "00-417636",
      "name": "Clever Baguette 2er",
      "category": "10",
      "unavailable": false,
      "price": 0.69,
      "priceHistory": [
        {
          "date": "2022-12-15",
          "price": 0.69,
          "unitPrice": 2.3
        },
        {
          "date": "2022-09-29",
          "price": 0.65,
          "unitPrice": 2.1666666666666665
        },
        {
          "date": "2022-06-02",
          "price": 0.59,
          "unitPrice": 1.9666666666666666
        },
        {
          "date": "2022-04-21",
          "price": 0.55,
          "unitPrice": 1.8333333333333335
        },
        {
          "date": "2022-03-31",
          "price": 0.59,
          "unitPrice": 1.9666666666666666
        },
        {
          "date": "2022-02-05",
          "price": 0.55,
          "unitPrice": 1.8333333333333335
        },
        {
          "date": "2021-12-09",
          "price": 0.49,
          "unitPrice": 1.6333333333333333
        },
        {
          "date": "2021-11-11",
          "price": 0.45,
          "unitPrice": 1.5
        },
        {
          "date": "2021-05-27",
          "price": 0.39,
          "unitPrice": 1.3
        },
        {
          "date": "2021-01-20",
          "price": 0.45,
          "unitPrice": 1.5
        }
      ],
      "isWeighted": false,
      "unit": "g",
      "quantity": 300,
      "bio": false,
      "url": "",
      "search": "clever baguette 2er 300 g"
    },
    {
      "store": "spar",
      "id": "7271083",
      "name": "S-BUDGET Baguettes 2 x 150g",
      "category": "10",
      "unavailable": false,
      "price": 0.69,
      "priceHistory": [
        {
          "date": "2023-01-03",
          "price": 0.69,
          "unitPrice": 2.3
        },
        {
          "date": "2022-09-30",
          "price": 0.65,
          "unitPrice": 2.1666666666666665
        },
        {
          "date": "2022-03-30",
          "price": 0.59,
          "unitPrice": 1.9666666666666666
        },
        {
          "date": "2022-02-09",
          "price": 0.55,
          "unitPrice": 1.8333333333333335
        },
        {
          "date": "2021-12-15",
          "price": 0.49,
          "unitPrice": 1.6333333333333333
        },
        {
          "date": "2021-10-13",
          "price": 0.45,
          "unitPrice": 1.5
        },
        {
          "date": "2021-05-19",
          "price": 0.39,
          "unitPrice": 1.3
        },
        {
          "date": "2017-04-20",
          "price": 0.45,
          "unitPrice": 1.5
        }
      ],
      "isWeighted": false,
      "unit": "g",
      "quantity": 300,
      "bio": false,
      "url": "",
      "search": "s-budget baguettes 2 x 150g 300 g"
    },
    {
      "store": "billa",
      "id": "00-258074",
      "name": "Clever Bananen aus Kolumbien",
      "category": "00",
      "unavailable": false,
      "price": 1.69,
      "priceHistory": [
        {
          "date": "2023-05-06",
          "price": 1.69,
          "unitPrice": 1.69
        },
        {
          "date": "2023-04-29",
          "price": 1.49,
          "unitPrice": 1.49
        },
        {
          "date": "2023-03-07",
          "price": 1.69,
          "unitPrice": 1.69
        },
        {
          "date": "2023-02-19",
          "price": 1.79,
          "unitPrice": 1.79
        },
        {
          "date": "2023-01-03",
          "price": 1.49,
          "unitPrice": 1.49
        },
        {
          "date": "2023-01-01",
          "price": 1.79,
          "unitPrice": 1.79
        },
        {
          "date": "2022-07-19",
          "price": 1.49,
          "unitPrice": 1.49
        },
        {
          "date": "2022-03-22",
          "price": 1.39,
          "unitPrice": 1.39
        },
        {
          "date": "2022-02-01",
          "price": 1.29,
          "unitPrice": 1.29
        },
        {
          "date": "2022-01-02",
          "price": 1.39,
          "unitPrice": 1.39
        },
        {
          "date": "2021-03-14",
          "price": 1.19,
          "unitPrice": 1.19
        },
        {
          "date": "2020-02-19",
          "price": 1.39,
          "unitPrice": 1.39
        },
        {
          "date": "2020-01-09",
          "price": 1.29,
          "unitPrice": 1.29
        },
        {
          "date": "2020-01-02",
          "price": 1,
          "unitPrice": 1
        },
        {
          "date": "2019-09-05",
          "price": 1.29,
          "unitPrice": 1.29
        },
        {
          "date": "2019-09-02",
          "price": 0.88,
          "unitPrice": 0.88
        },
        {
          "date": "2019-08-07",
          "price": 1.29,
          "unitPrice": 1.29
        },
        {
          "date": "2019-03-07",
          "price": 1.39,
          "unitPrice": 1.39
        },
        {
          "date": "2019-02-28",
          "price": 1,
          "unitPrice": 1
        },
        {
          "date": "2019-01-17",
          "price": 1.39,
          "unitPrice": 1.39
        },
        {
          "date": "2019-01-10",
          "price": 1,
          "unitPrice": 1
        },
        {
          "date": "2019-01-09",
          "price": 1.39,
          "unitPrice": 1.39
        }
      ],
      "isWeighted": true,
      "unit": "g",
      "quantity": 1000,
      "bio": false,
      "url": "",
      "search": "clever bananen aus kolumbien 1000 g"
    },
    {
      "store": "spar",
      "id": "6942526",
      "name": "S-BUDGET Bananen per kg",
      "category": "00",
      "unavailable": false,
      "price": 1.69,
      "priceHistory": [
        {
          "date": "2023-06-04",
          "price": 1.69,
          "unitPrice": 1.69
        },
        {
          "date": "2023-06-02",
          "price": 1.49,
          "unitPrice": 1.49
        },
        {
          "date": "2023-05-22",
          "price": 1.69,
          "unitPrice": 1.69
        },
        {
          "date": "2023-04-21",
          "price": 1.79,
          "unitPrice": 1.79
        },
        {
          "date": "2023-04-14",
          "price": 1.49,
          "unitPrice": 1.49
        },
        {
          "date": "2023-03-12",
          "price": 1.79,
          "unitPrice": 1.79
        },
        {
          "date": "2023-03-11",
          "price": 1.49,
          "unitPrice": 1.49
        },
        {
          "date": "2023-02-13",
          "price": 1.79,
          "unitPrice": 1.79
        },
        {
          "date": "2023-02-10",
          "price": 1.29,
          "unitPrice": 1.29
        },
        {
          "date": "2023-01-16",
          "price": 1.49,
          "unitPrice": 1.49
        },
        {
          "date": "2023-01-09",
          "price": 1,
          "unitPrice": 1
        },
        {
          "date": "2022-12-18",
          "price": 1.49,
          "unitPrice": 1.49
        },
        {
          "date": "2022-12-17",
          "price": 1.19,
          "unitPrice": 1.19
        },
        {
          "date": "2022-11-20",
          "price": 1.49,
          "unitPrice": 1.49
        },
        {
          "date": "2022-11-18",
          "price": 1.19,
          "unitPrice": 1.19
        },
        {
          "date": "2022-03-28",
          "price": 1.49,
          "unitPrice": 1.49
        },
        {
          "date": "2022-03-25",
          "price": 1,
          "unitPrice": 1
        },
        {
          "date": "2022-02-22",
          "price": 1.49,
          "unitPrice": 1.49
        },
        {
          "date": "2022-02-21",
          "price": 1.39,
          "unitPrice": 1.39
        },
        {
          "date": "2022-02-19",
          "price": 1,
          "unitPrice": 1
        },
        {
          "date": "2022-01-24",
          "price": 1.39,
          "unitPrice": 1.39
        },
        {
          "date": "2022-01-12",
          "price": 1,
          "unitPrice": 1
        },
        {
          "date": "2021-12-20",
          "price": 1.39,
          "unitPrice": 1.39
        },
        {
          "date": "2021-12-18",
          "price": 1,
          "unitPrice": 1
        },
        {
          "date": "2021-11-29",
          "price": 1.39,
          "unitPrice": 1.39
        },
        {
          "date": "2021-11-27",
          "price": 1,
          "unitPrice": 1
        },
        {
          "date": "2021-06-28",
          "price": 1.39,
          "unitPrice": 1.39
        },
        {
          "date": "2021-06-26",
          "price": 1,
          "unitPrice": 1
        },
        {
          "date": "2021-05-02",
          "price": 1.39,
          "unitPrice": 1.39
        },
        {
          "date": "2021-04-30",
          "price": 1,
          "unitPrice": 1
        },
        {
          "date": "2021-04-05",
          "price": 1.39,
          "unitPrice": 1.39
        },
        {
          "date": "2021-04-02",
          "price": 1,
          "unitPrice": 1
        },
        {
          "date": "2021-02-08",
          "price": 1.39,
          "unitPrice": 1.39
        },
        {
          "date": "2021-02-06",
          "price": 1,
          "unitPrice": 1
        },
        {
          "date": "2021-01-19",
          "price": 1.39,
          "unitPrice": 1.39
        },
        {
          "date": "2021-01-05",
          "price": 1,
          "unitPrice": 1
        },
        {
          "date": "2020-11-30",
          "price": 1.39,
          "unitPrice": 1.39
        },
        {
          "date": "2020-11-28",
          "price": 1,
          "unitPrice": 1
        },
        {
          "date": "2020-11-10",
          "price": 1.39,
          "unitPrice": 1.39
        },
        {
          "date": "2020-11-07",
          "price": 1,
          "unitPrice": 1
        },
        {
          "date": "2020-10-19",
          "price": 1.39,
          "unitPrice": 1.39
        },
        {
          "date": "2020-10-17",
          "price": 1,
          "unitPrice": 1
        },
        {
          "date": "2020-09-07",
          "price": 1.39,
          "unitPrice": 1.39
        },
        {
          "date": "2020-09-06",
          "price": 1,
          "unitPrice": 1
        },
        {
          "date": "2020-08-17",
          "price": 1.39,
          "unitPrice": 1.39
        },
        {
          "date": "2020-08-14",
          "price": 1,
          "unitPrice": 1
        },
        {
          "date": "2020-07-27",
          "price": 1.39,
          "unitPrice": 1.39
        },
        {
          "date": "2020-07-25",
          "price": 1,
          "unitPrice": 1
        },
        {
          "date": "2020-07-21",
          "price": 1.39,
          "unitPrice": 1.39
        },
        {
          "date": "2020-06-15",
          "price": 1.29,
          "unitPrice": 1.29
        },
        {
          "date": "2020-06-12",
          "price": 1,
          "unitPrice": 1
        },
        {
          "date": "2020-05-25",
          "price": 1.29,
          "unitPrice": 1.29
        },
        {
          "date": "2020-05-21",
          "price": 1,
          "unitPrice": 1
        },
        {
          "date": "2020-05-04",
          "price": 1.29,
          "unitPrice": 1.29
        },
        {
          "date": "2020-04-30",
          "price": 1,
          "unitPrice": 1
        },
        {
          "date": "2020-03-23",
          "price": 1.29,
          "unitPrice": 1.29
        },
        {
          "date": "2020-03-21",
          "price": 1,
          "unitPrice": 1
        },
        {
          "date": "2020-03-02",
          "price": 1.29,
          "unitPrice": 1.29
        },
        {
          "date": "2020-02-29",
          "price": 1,
          "unitPrice": 1
        },
        {
          "date": "2020-02-10",
          "price": 1.29,
          "unitPrice": 1.29
        },
        {
          "date": "2020-02-08",
          "price": 1,
          "unitPrice": 1
        },
        {
          "date": "2020-01-23",
          "price": 1.29,
          "unitPrice": 1.29
        },
        {
          "date": "2020-01-08",
          "price": 1,
          "unitPrice": 1
        },
        {
          "date": "2019-12-09",
          "price": 1.29,
          "unitPrice": 1.29
        },
        {
          "date": "2019-12-06",
          "price": 1,
          "unitPrice": 1
        },
        {
          "date": "2019-11-18",
          "price": 1.29,
          "unitPrice": 1.29
        },
        {
          "date": "2019-11-16",
          "price": 1,
          "unitPrice": 1
        },
        {
          "date": "2019-10-27",
          "price": 1.29,
          "unitPrice": 1.29
        },
        {
          "date": "2019-10-24",
          "price": 1,
          "unitPrice": 1
        },
        {
          "date": "2019-10-07",
          "price": 1.29,
          "unitPrice": 1.29
        },
        {
          "date": "2019-10-05",
          "price": 1,
          "unitPrice": 1
        },
        {
          "date": "2019-09-16",
          "price": 1.29,
          "unitPrice": 1.29
        },
        {
          "date": "2019-09-14",
          "price": 1,
          "unitPrice": 1
        },
        {
          "date": "2019-08-13",
          "price": 1.29,
          "unitPrice": 1.29
        },
        {
          "date": "2019-06-10",
          "price": 1.39,
          "unitPrice": 1.39
        },
        {
          "date": "2019-06-07",
          "price": 1,
          "unitPrice": 1
        },
        {
          "date": "2019-05-20",
          "price": 1.39,
          "unitPrice": 1.39
        },
        {
          "date": "2019-05-18",
          "price": 1,
          "unitPrice": 1
        },
        {
          "date": "2019-04-29",
          "price": 1.39,
          "unitPrice": 1.39
        },
        {
          "date": "2019-04-27",
          "price": 1,
          "unitPrice": 1
        },
        {
          "date": "2019-04-08",
          "price": 1.39,
          "unitPrice": 1.39
        },
        {
          "date": "2019-04-06",
          "price": 1,
          "unitPrice": 1
        },
        {
          "date": "2019-02-14",
          "price": 1.39,
          "unitPrice": 1.39
        },
        {
          "date": "2019-02-03",
          "price": 1,
          "unitPrice": 1
        },
        {
          "date": "2018-09-07",
          "price": 1.39,
          "unitPrice": 1.39
        },
        {
          "date": "2017-04-20",
          "price": 1.29,
          "unitPrice": 1.29
        }
      ],
      "isWeighted": true,
      "unit": "g",
      "quantity": 1000,
      "bio": false,
      "url": "",
      "search": "s-budget bananen per kg 1000 g"
    },
    {
      "store": "billa",
      "id": "00-674035",
      "name": "Clever Bergwurst",
      "category": "37",
      "unavailable": false,
      "price": 4.79,
      "priceHistory": [
        {
          "date": "2023-02-24",
          "price": 4.79,
          "unitPrice": 13.685714285714285
        },
        {
          "date": "2022-09-20",
          "price": 4.49,
          "unitPrice": 12.82857142857143
        },
        {
          "date": "2022-04-22",
          "price": 4.29,
          "unitPrice": 12.257142857142856
        },
        {
          "date": "2022-04-14",
          "price": 3.49,
          "unitPrice": 9.971428571428572
        },
        {
          "date": "2022-03-14",
          "price": 3.69,
          "unitPrice": 10.542857142857143
        },
        {
          "date": "2021-02-08",
          "price": 3.49,
          "unitPrice": 9.971428571428572
        },
        {
          "date": "2020-01-16",
          "price": 3.79,
          "unitPrice": 10.82857142857143
        },
        {
          "date": "2019-05-10",
          "price": 3.49,
          "unitPrice": 9.971428571428572
        },
        {
          "date": "2017-05-04",
          "price": 2.99,
          "unitPrice": 8.542857142857144
        },
        {
          "date": "2017-04-05",
          "price": 2.85,
          "unitPrice": 8.142857142857142
        }
      ],
      "isWeighted": false,
      "unit": "g",
      "quantity": 350,
      "bio": false,
      "url": "",
      "search": "clever bergwurst 350 g"
    },
    {
      "store": "spar",
      "id": "7310867",
      "name": "S-BUDGET Bergwurst",
      "category": "37",
      "unavailable": false,
      "price": 4.79,
      "priceHistory": [
        {
          "date": "2023-03-21",
          "price": 4.79,
          "unitPrice": 13.685714285714285
        },
        {
          "date": "2022-09-30",
          "price": 4.49,
          "unitPrice": 12.82857142857143
        },
        {
          "date": "2022-04-28",
          "price": 4.29,
          "unitPrice": 12.257142857142856
        },
        {
          "date": "2021-02-17",
          "price": 3.49,
          "unitPrice": 9.971428571428572
        },
        {
          "date": "2020-01-29",
          "price": 3.79,
          "unitPrice": 10.82857142857143
        },
        {
          "date": "2019-06-05",
          "price": 3.49,
          "unitPrice": 9.971428571428572
        },
        {
          "date": "2017-06-20",
          "price": 2.99,
          "unitPrice": 8.542857142857144
        },
        {
          "date": "2017-04-20",
          "price": 2.89,
          "unitPrice": 8.257142857142856
        }
      ],
      "isWeighted": false,
      "unit": "g",
      "quantity": 350,
      "bio": false,
      "url": "",
      "search": "s-budget bergwurst 350 g"
    },
    {
      "store": "billa",
      "id": "00-529311",
      "name": "Clever Birnenhälften",
      "category": "57",
      "unavailable": false,
      "price": 2.49,
      "priceHistory": [
        {
          "date": "2022-12-15",
          "price": 2.49,
          "unitPrice": 3.0365853658536586
        },
        {
          "date": "2022-07-30",
          "price": 2.19,
          "unitPrice": 2.670731707317073
        }
      ],
      "isWeighted": false,
      "unit": "g",
      "quantity": 820,
      "bio": false,
      "url": "",
      "search": "clever birnenhälften 820 g"
    },
    {
      "store": "spar",
      "id": "6619886",
      "name": "S-BUDGET Birnenhälften leicht gezuckert",
      "category": "57",
      "unavailable": false,
      "price": 2.49,
      "priceHistory": [
        {
          "date": "2022-12-13",
          "price": 2.49,
          "unitPrice": 3.0365853658536586
        },
        {
          "date": "2021-12-01",
          "price": 2.19,
          "unitPrice": 2.670731707317073
        },
        {
          "date": "2020-08-05",
          "price": 1.79,
          "unitPrice": 2.182926829268293
        },
        {
          "date": "2017-04-20",
          "price": 1.69,
          "unitPrice": 2.0609756097560976
        }
      ],
      "isWeighted": false,
      "unit": "g",
      "quantity": 820,
      "bio": false,
      "url": "",
      "search": "s-budget birnenhälften leicht gezuckert 820 g"
    },
    {
      "store": "billa",
      "id": "00-309406",
      "name": "Clever Butterkekse",
      "category": "64",
      "unavailable": false,
      "price": 1.69,
      "priceHistory": [
        {
          "date": "2023-02-16",
          "price": 1.69,
          "unitPrice": 4.225
        },
        {
          "date": "2022-10-20",
          "price": 1.39,
          "unitPrice": 3.4749999999999996
        },
        {
          "date": "2021-11-27",
          "price": 1.29,
          "unitPrice": 3.225
        },
        {
          "date": "2021-11-25",
          "price": 0.97,
          "unitPrice": 2.4250000000000003
        },
        {
          "date": "2019-07-17",
          "price": 1.29,
          "unitPrice": 3.225
        }
      ],
      "isWeighted": false,
      "unit": "g",
      "quantity": 400,
      "bio": false,
      "url": "",
      "search": "clever butterkekse 400 g"
    },
    {
      "store": "spar",
      "id": "2020001358908",
      "name": "S-BUDGET Butterkeks 2 x 200g",
      "category": "64",
      "unavailable": false,
      "price": 1.69,
      "priceHistory": [
        {
          "date": "2023-02-09",
          "price": 1.69,
          "unitPrice": 4.225
        },
        {
          "date": "2022-09-30",
          "price": 1.39,
          "unitPrice": 3.4749999999999996
        },
        {
          "date": "2017-04-20",
          "price": 1.29,
          "unitPrice": 3.225
        }
      ],
      "isWeighted": false,
      "unit": "g",
      "quantity": 400,
      "bio": false,
      "url": "",
      "search": "s-budget butterkeks 2 x 200g 400 g"
    },
    {
      "store": "billa",
      "id": "00-473701",
      "name": "Clever Cabanossi",
      "category": "37",
      "unavailable": false,
      "price": 3.99,
      "priceHistory": [
        {
          "date": "2023-05-06",
          "price": 3.99,
          "unitPrice": 13.3
        },
        {
          "date": "2023-04-22",
          "price": 3.79,
          "unitPrice": 12.633333333333333
        },
        {
          "date": "2023-03-08",
          "price": 3.99,
          "unitPrice": 13.3
        },
        {
          "date": "2022-12-09",
          "price": 3.79,
          "unitPrice": 12.633333333333333
        },
        {
          "date": "2022-12-03",
          "price": 2.99,
          "unitPrice": 9.966666666666667
        },
        {
          "date": "2022-11-10",
          "price": 3.79,
          "unitPrice": 12.633333333333333
        },
        {
          "date": "2022-07-07",
          "price": 3.49,
          "unitPrice": 11.633333333333335
        },
        {
          "date": "2022-02-24",
          "price": 3.29,
          "unitPrice": 10.966666666666667
        },
        {
          "date": "2021-02-08",
          "price": 2.99,
          "unitPrice": 9.966666666666667
        },
        {
          "date": "2021-01-21",
          "price": 3.19,
          "unitPrice": 10.633333333333333
        },
        {
          "date": "2020-01-16",
          "price": 3.49,
          "unitPrice": 11.633333333333335
        },
        {
          "date": "2019-06-28",
          "price": 3.29,
          "unitPrice": 10.966666666666667
        },
        {
          "date": "2019-05-10",
          "price": 3.49,
          "unitPrice": 11.633333333333335
        },
        {
          "date": "2017-11-07",
          "price": 2.99,
          "unitPrice": 9.966666666666667
        }
      ],
      "isWeighted": false,
      "unit": "g",
      "quantity": 300,
      "bio": false,
      "url": "",
      "search": "clever cabanossi 300 g"
    },
    {
      "store": "spar",
      "id": "2020003466502",
      "name": "S-BUDGET Cabanossi 300g",
      "category": "37",
      "unavailable": false,
      "price": 3.99,
      "priceHistory": [
        {
          "date": "2023-03-23",
          "price": 3.99,
          "unitPrice": 13.3
        },
        {
          "date": "2022-11-10",
          "price": 3.79,
          "unitPrice": 12.633333333333333
        },
        {
          "date": "2022-09-30",
          "price": 3.49,
          "unitPrice": 11.633333333333335
        },
        {
          "date": "2022-04-29",
          "price": 3.29,
          "unitPrice": 10.966666666666667
        },
        {
          "date": "2021-02-17",
          "price": 2.99,
          "unitPrice": 9.966666666666667
        },
        {
          "date": "2020-11-25",
          "price": 3.19,
          "unitPrice": 10.633333333333333
        },
        {
          "date": "2020-06-25",
          "price": 3.49,
          "unitPrice": 11.633333333333335
        }
      ],
      "isWeighted": false,
      "unit": "g",
      "quantity": 300,
      "bio": false,
      "url": "",
      "search": "s-budget cabanossi 300g 300 g"
    },
    {
      "store": "billa",
      "id": "00-813014",
      "name": "Clever Caffe Crema",
      "category": "22",
      "unavailable": false,
      "price": 9.99,
      "priceHistory": [
        {
          "date": "2023-03-20",
          "price": 9.99,
          "unitPrice": 9.99
        },
        {
          "date": "2022-10-05",
          "price": 8.99,
          "unitPrice": 8.99
        },
        {
          "date": "2022-02-03",
          "price": 7.99,
          "unitPrice": 7.99
        },
        {
          "date": "2019-09-04",
          "price": 6.99,
          "unitPrice": 6.99
        },
        {
          "date": "2018-02-14",
          "price": 7.98,
          "unitPrice": 7.980000000000001
        }
      ],
      "isWeighted": false,
      "unit": "g",
      "quantity": 1000,
      "bio": false,
      "url": "",
      "search": "clever caffe crema 1000 g"
    },
    {
      "store": "spar",
      "id": "7868054",
      "name": "S-BUDGET Caffè Crema Ganze Bohne",
      "category": "22",
      "unavailable": false,
      "price": 9.99,
      "priceHistory": [
        {
          "date": "2023-04-14",
          "price": 9.99,
          "unitPrice": 9.99
        },
        {
          "date": "2023-02-08",
          "price": 8.99,
          "unitPrice": 8.99
        },
        {
          "date": "2023-01-24",
          "price": 9.99,
          "unitPrice": 9.99
        },
        {
          "date": "2022-11-03",
          "price": 8.99,
          "unitPrice": 8.99
        },
        {
          "date": "2022-03-02",
          "price": 7.99,
          "unitPrice": 7.99
        },
        {
          "date": "2021-12-01",
          "price": 6.98,
          "unitPrice": 6.98
        },
        {
          "date": "2021-09-29",
          "price": 6.49,
          "unitPrice": 6.49
        },
        {
          "date": "2020-06-03",
          "price": 5.98,
          "unitPrice": 5.98
        },
        {
          "date": "2019-11-01",
          "price": 6.58,
          "unitPrice": 6.58
        },
        {
          "date": "2018-03-06",
          "price": 6.98,
          "unitPrice": 6.98
        },
        {
          "date": "2017-04-20",
          "price": 6.58,
          "unitPrice": 6.58
        }
      ],
      "isWeighted": false,
      "unit": "g",
      "quantity": 1000,
      "bio": false,
      "url": "",
      "search": "s-budget caffè crema ganze bohne 1000 g"
    },
    {
      "store": "billa",
      "id": "00-606847",
      "name": "Clever Cappuccino Ungesüßt",
      "category": "22",
      "unavailable": false,
      "price": 2.99,
      "priceHistory": [
        {
          "date": "2023-05-13",
          "price": 2.99,
          "unitPrice": 7.4750000000000005
        },
        {
          "date": "2022-10-05",
          "price": 2.65,
          "unitPrice": 6.625
        },
        {
          "date": "2022-08-04",
          "price": 2.58,
          "unitPrice": 6.45
        },
        {
          "date": "2022-05-13",
          "price": 2.38,
          "unitPrice": 5.949999999999999
        },
        {
          "date": "2021-07-23",
          "price": 2.48,
          "unitPrice": 6.2
        },
        {
          "date": "2019-09-04",
          "price": 2.19,
          "unitPrice": 5.475
        },
        {
          "date": "2017-07-06",
          "price": 2.48,
          "unitPrice": 6.2
        },
        {
          "date": "2017-04-05",
          "price": 2.28,
          "unitPrice": 5.699999999999999
        }
      ],
      "isWeighted": false,
      "unit": "g",
      "quantity": 400,
      "bio": false,
      "url": "",
      "search": "clever cappuccino ungesüßt 400 g"
    },
    {
      "store": "spar",
      "id": "7429682",
      "name": "S-BUDGET Cappuccino Nach Belieben süßen",
      "category": "22",
      "unavailable": false,
      "price": 2.99,
      "priceHistory": [
        {
          "date": "2023-04-28",
          "price": 2.99,
          "unitPrice": 7.4750000000000005
        },
        {
          "date": "2022-09-30",
          "price": 2.65,
          "unitPrice": 6.625
        },
        {
          "date": "2022-04-06",
          "price": 2.48,
          "unitPrice": 6.2
        },
        {
          "date": "2021-08-25",
          "price": 2.19,
          "unitPrice": 5.475
        },
        {
          "date": "2020-07-15",
          "price": 2.48,
          "unitPrice": 6.2
        },
        {
          "date": "2019-10-10",
          "price": 2.19,
          "unitPrice": 5.475
        },
        {
          "date": "2017-06-20",
          "price": 2.48,
          "unitPrice": 6.2
        },
        {
          "date": "2017-04-20",
          "price": 2.28,
          "unitPrice": 5.699999999999999
        }
      ],
      "isWeighted": false,
      "unit": "g",
      "quantity": 400,
      "bio": false,
      "url": "",
      "search": "s-budget cappuccino nach belieben süßen 400 g"
    },
    {
      "store": "billa",
      "id": "00-562612",
      "name": "Clever Caramel Minis",
      "category": "64",
      "unavailable": false,
      "price": 2.29,
      "priceHistory": [
        {
          "date": "2022-12-15",
          "price": 2.29,
          "unitPrice": 5.725
        },
        {
          "date": "2022-08-26",
          "price": 2.19,
          "unitPrice": 5.475
        },
        {
          "date": "2021-11-27",
          "price": 1.89,
          "unitPrice": 4.725
        },
        {
          "date": "2021-11-25",
          "price": 1.42,
          "unitPrice": 3.55
        },
        {
          "date": "2020-01-02",
          "price": 1.89,
          "unitPrice": 4.725
        },
        {
          "date": "2019-10-03",
          "price": 1.99,
          "unitPrice": 4.9750000000000005
        },
        {
          "date": "2017-04-05",
          "price": 1.89,
          "unitPrice": 4.725
        }
      ],
      "isWeighted": false,
      "unit": "g",
      "quantity": 400,
      "bio": false,
      "url": "",
      "search": "clever caramel minis 400 g"
    },
    {
      "store": "spar",
      "id": "1652529",
      "name": "S-BUDGET 20 Caramel Minis 400g (= 20 Stück)",
      "category": "64",
      "unavailable": false,
      "price": 2.29,
      "priceHistory": [
        {
          "date": "2022-10-21",
          "price": 2.29,
          "unitPrice": 5.725
        },
        {
          "date": "2022-09-30",
          "price": 2.19,
          "unitPrice": 5.475
        },
        {
          "date": "2017-04-20",
          "price": 1.89,
          "unitPrice": 4.725
        }
      ],
      "isWeighted": false,
      "unit": "g",
      "quantity": 400,
      "bio": false,
      "url": "",
      "search": "s-budget 20 caramel minis 400g (= 20 stück) 400 g"
    },
    {
      "store": "billa",
      "id": "00-278746",
      "name": "Clever Cashews geröstet & gesalzen",
      "category": "63",
      "unavailable": false,
      "price": 1.86,
      "priceHistory": [
        {
          "date": "2023-05-17",
          "price": 1.86,
          "unitPrice": 12.400000000000002
        },
        {
          "date": "2021-07-15",
          "price": 1.89,
          "unitPrice": 12.6
        },
        {
          "date": "2019-05-22",
          "price": 1.99,
          "unitPrice": 13.266666666666666
        }
      ],
      "isWeighted": false,
      "unit": "g",
      "quantity": 150,
      "bio": false,
      "url": "",
      "search": "clever cashews geröstet & gesalzen 150 g"
    },
    {
      "store": "spar",
      "id": "3930489",
      "name": "S-BUDGET Cashew Nüsse geröstet und gesalzen",
      "category": "63",
      "unavailable": false,
      "price": 1.86,
      "priceHistory": [
        {
          "date": "2021-03-24",
          "price": 1.86,
          "unitPrice": 12.400000000000002
        },
        {
          "date": "2018-07-12",
          "price": 1.99,
          "unitPrice": 13.266666666666666
        },
        {
          "date": "2018-02-14",
          "price": 2.24,
          "unitPrice": 14.933333333333335
        },
        {
          "date": "2018-01-16",
          "price": 1.99,
          "unitPrice": 13.266666666666666
        },
        {
          "date": "2017-10-10",
          "price": 2.09,
          "unitPrice": 13.933333333333332
        },
        {
          "date": "2017-06-15",
          "price": 1.99,
          "unitPrice": 13.266666666666666
        },
        {
          "date": "2017-04-20",
          "price": 2.09,
          "unitPrice": 13.933333333333332
        }
      ],
      "isWeighted": false,
      "unit": "g",
      "quantity": 150,
      "bio": false,
      "url": "",
      "search": "s-budget cashew nüsse geröstet und gesalzen 150 g"
    },
    {
      "store": "billa",
      "id": "00-278747",
      "name": "Clever Cashews geröstet & ungesalzen",
      "category": "63",
      "unavailable": false,
      "price": 1.86,
      "priceHistory": [
        {
          "date": "2023-05-17",
          "price": 1.86,
          "unitPrice": 12.400000000000002
        },
        {
          "date": "2021-07-15",
          "price": 1.89,
          "unitPrice": 12.6
        },
        {
          "date": "2019-06-19",
          "price": 1.99,
          "unitPrice": 13.266666666666666
        }
      ],
      "isWeighted": false,
      "unit": "g",
      "quantity": 150,
      "bio": false,
      "url": "",
      "search": "clever cashews geröstet & ungesalzen 150 g"
    },
    {
      "store": "spar",
      "id": "2020002735623",
      "name": "S-BUDGET Cashew Nüsse geröstet & ungesalzen",
      "category": "63",
      "unavailable": false,
      "price": 1.86,
      "priceHistory": [
        {
          "date": "2021-03-24",
          "price": 1.86,
          "unitPrice": 12.400000000000002
        },
        {
          "date": "2018-11-25",
          "price": 1.99,
          "unitPrice": 13.266666666666666
        }
      ],
      "isWeighted": false,
      "unit": "g",
      "quantity": 150,
      "bio": false,
      "url": "",
      "search": "s-budget cashew nüsse geröstet & ungesalzen 150 g"
    },
    {
      "store": "billa",
      "id": "00-273722",
      "name": "Clever Cevapcici",
      "category": "42",
      "unavailable": false,
      "price": 9.99,
      "priceHistory": [
        {
          "date": "2022-10-06",
          "price": 9.99,
          "unitPrice": 9.99
        },
        {
          "date": "2022-07-07",
          "price": 8.99,
          "unitPrice": 8.99
        },
        {
          "date": "2022-05-20",
          "price": 7.99,
          "unitPrice": 7.99
        },
        {
          "date": "2021-11-04",
          "price": 6.99,
          "unitPrice": 6.99
        },
        {
          "date": "2020-01-16",
          "price": 5.99,
          "unitPrice": 5.99
        },
        {
          "date": "2019-10-03",
          "price": 6.99,
          "unitPrice": 6.99
        },
        {
          "date": "2019-07-04",
          "price": 5.99,
          "unitPrice": 5.99
        },
        {
          "date": "2018-04-09",
          "price": 6.49,
          "unitPrice": 6.49
        },
        {
          "date": "2017-04-05",
          "price": 5.99,
          "unitPrice": 5.99
        }
      ],
      "isWeighted": false,
      "unit": "g",
      "quantity": 1000,
      "bio": false,
      "url": "",
      "search": "clever cevapcici 1000 g"
    },
    {
      "store": "spar",
      "id": "2463896",
      "name": "S-BUDGET Cevapcici",
      "category": "42",
      "unavailable": false,
      "price": 9.99,
      "priceHistory": [
        {
          "date": "2022-12-06",
          "price": 9.99,
          "unitPrice": 9.99
        },
        {
          "date": "2022-09-30",
          "price": 8.99,
          "unitPrice": 8.99
        },
        {
          "date": "2022-03-10",
          "price": 6.99,
          "unitPrice": 6.99
        },
        {
          "date": "2017-04-20",
          "price": 5.99,
          "unitPrice": 5.99
        }
      ],
      "isWeighted": false,
      "unit": "g",
      "quantity": 1000,
      "bio": false,
      "url": "",
      "search": "s-budget cevapcici 1000 g"
    },
    {
      "store": "billa",
      "id": "00-705790",
      "name": "Clever Champignons aus Ungarn",
      "category": "01",
      "unavailable": false,
      "price": 1.99,
      "priceHistory": [
        {
          "date": "2022-11-04",
          "price": 1.99,
          "unitPrice": 3.98
        }
      ],
      "isWeighted": false,
      "unit": "g",
      "quantity": 500,
      "bio": false,
      "url": "",
      "search": "clever champignons aus ungarn 500 g"
    },
    {
      "store": "spar",
      "id": "2020002276515",
      "name": "S-BUDGET Champignons weiß",
      "category": "01",
      "unavailable": false,
      "price": 1.99,
      "priceHistory": [
        {
          "date": "2022-09-30",
          "price": 1.99,
          "unitPrice": 3.98
        },
        {
          "date": "2022-01-11",
          "price": 1.79,
          "unitPrice": 3.58
        },
        {
          "date": "2021-05-18",
          "price": 1.59,
          "unitPrice": 3.18
        },
        {
          "date": "2019-05-29",
          "price": 1.69,
          "unitPrice": 3.38
        },
        {
          "date": "2018-01-16",
          "price": 1.49,
          "unitPrice": 2.98
        }
      ],
      "isWeighted": false,
      "unit": "g",
      "quantity": 500,
      "bio": false,
      "url": "",
      "search": "s-budget champignons weiß 500 g"
    },
    {
      "store": "billa",
      "id": "00-410026",
      "name": "Clever Cherrytomaten aus Spanien / Italien / Marokko",
      "category": "01",
      "unavailable": false,
      "price": 2.49,
      "priceHistory": [
        {
          "date": "2023-06-15",
          "price": 2.49,
          "unitPrice": 4.98
        },
        {
          "date": "2023-06-06",
          "price": 2.19,
          "unitPrice": 4.38
        },
        {
          "date": "2023-06-04",
          "price": 2.16,
          "unitPrice": 4.32
        },
        {
          "date": "2023-05-31",
          "price": 2.29,
          "unitPrice": 4.58
        },
        {
          "date": "2023-05-16",
          "price": 2.19,
          "unitPrice": 4.38
        },
        {
          "date": "2023-05-15",
          "price": 2.29,
          "unitPrice": 4.58
        },
        {
          "date": "2022-12-13",
          "price": 1.99,
          "unitPrice": 3.98
        },
        {
          "date": "2022-10-16",
          "price": 2.19,
          "unitPrice": 4.38
        },
        {
          "date": "2022-10-07",
          "price": 2.29,
          "unitPrice": 4.58
        },
        {
          "date": "2022-06-28",
          "price": 1.99,
          "unitPrice": 3.98
        },
        {
          "date": "2022-06-19",
          "price": 1.79,
          "unitPrice": 3.58
        },
        {
          "date": "2022-04-28",
          "price": 1.99,
          "unitPrice": 3.98
        },
        {
          "date": "2022-04-21",
          "price": 1.49,
          "unitPrice": 2.98
        },
        {
          "date": "2022-04-03",
          "price": 1.79,
          "unitPrice": 3.58
        },
        {
          "date": "2022-03-15",
          "price": 1.59,
          "unitPrice": 3.18
        },
        {
          "date": "2021-12-07",
          "price": 1.49,
          "unitPrice": 2.98
        },
        {
          "date": "2021-12-02",
          "price": 1.39,
          "unitPrice": 2.78
        },
        {
          "date": "2021-11-28",
          "price": 1.99,
          "unitPrice": 3.98
        },
        {
          "date": "2021-11-16",
          "price": 1.39,
          "unitPrice": 2.78
        },
        {
          "date": "2021-11-14",
          "price": 1.99,
          "unitPrice": 3.98
        },
        {
          "date": "2021-11-03",
          "price": 1.39,
          "unitPrice": 2.78
        },
        {
          "date": "2021-07-07",
          "price": 1.89,
          "unitPrice": 3.78
        },
        {
          "date": "2021-06-24",
          "price": 1.49,
          "unitPrice": 2.98
        },
        {
          "date": "2021-06-13",
          "price": 1.29,
          "unitPrice": 2.58
        },
        {
          "date": "2021-06-09",
          "price": 1.49,
          "unitPrice": 2.98
        },
        {
          "date": "2021-05-19",
          "price": 1.29,
          "unitPrice": 2.58
        },
        {
          "date": "2021-04-28",
          "price": 1.49,
          "unitPrice": 2.98
        },
        {
          "date": "2021-01-26",
          "price": 1.69,
          "unitPrice": 3.38
        },
        {
          "date": "2020-10-18",
          "price": 1.49,
          "unitPrice": 2.98
        },
        {
          "date": "2020-10-06",
          "price": 1.29,
          "unitPrice": 2.58
        },
        {
          "date": "2020-07-02",
          "price": 1.69,
          "unitPrice": 3.38
        },
        {
          "date": "2020-05-24",
          "price": 1.19,
          "unitPrice": 2.38
        },
        {
          "date": "2018-11-27",
          "price": 1.49,
          "unitPrice": 2.98
        },
        {
          "date": "2018-10-23",
          "price": 1.69,
          "unitPrice": 3.38
        },
        {
          "date": "2018-07-19",
          "price": 1.79,
          "unitPrice": 3.58
        },
        {
          "date": "2018-07-16",
          "price": 1.39,
          "unitPrice": 2.78
        },
        {
          "date": "2018-07-05",
          "price": 1.79,
          "unitPrice": 3.58
        }
      ],
      "isWeighted": false,
      "unit": "g",
      "quantity": 500,
      "bio": false,
      "url": "",
      "search": "clever cherrytomaten aus spanien / italien / marokko 500 g"
    },
    {
      "store": "spar",
      "id": "6707439",
      "name": "S-BUDGET Cherrytomate an der Rispe",
      "category": "01",
      "unavailable": false,
      "price": 2.49,
      "priceHistory": [
        {
          "date": "2023-05-22",
          "price": 2.49,
          "unitPrice": 4.98
        },
        {
          "date": "2023-04-28",
          "price": 2.79,
          "unitPrice": 5.58
        },
        {
          "date": "2023-03-13",
          "price": 2.49,
          "unitPrice": 4.98
        },
        {
          "date": "2023-02-20",
          "price": 2.99,
          "unitPrice": 5.98
        },
        {
          "date": "2023-02-19",
          "price": 2.49,
          "unitPrice": 4.98
        },
        {
          "date": "2023-02-15",
          "price": 1.79,
          "unitPrice": 3.58
        },
        {
          "date": "2023-02-06",
          "price": 2.49,
          "unitPrice": 4.98
        },
        {
          "date": "2023-01-29",
          "price": 1.99,
          "unitPrice": 3.98
        },
        {
          "date": "2023-01-23",
          "price": 1.79,
          "unitPrice": 3.58
        },
        {
          "date": "2023-01-09",
          "price": 1.99,
          "unitPrice": 3.98
        },
        {
          "date": "2023-01-08",
          "price": 2.49,
          "unitPrice": 4.98
        },
        {
          "date": "2023-01-02",
          "price": 1,
          "unitPrice": 2
        },
        {
          "date": "2022-11-14",
          "price": 2.49,
          "unitPrice": 4.98
        },
        {
          "date": "2022-10-17",
          "price": 2.79,
          "unitPrice": 5.58
        },
        {
          "date": "2022-09-30",
          "price": 2.49,
          "unitPrice": 4.98
        },
        {
          "date": "2022-02-01",
          "price": 1.99,
          "unitPrice": 3.98
        },
        {
          "date": "2022-01-31",
          "price": 1.79,
          "unitPrice": 3.58
        },
        {
          "date": "2022-01-25",
          "price": 1,
          "unitPrice": 2
        },
        {
          "date": "2022-01-11",
          "price": 1.79,
          "unitPrice": 3.58
        },
        {
          "date": "2022-01-10",
          "price": 1.99,
          "unitPrice": 3.98
        },
        {
          "date": "2022-01-04",
          "price": 1,
          "unitPrice": 2
        },
        {
          "date": "2021-09-28",
          "price": 1.99,
          "unitPrice": 3.98
        },
        {
          "date": "2021-08-03",
          "price": 1.89,
          "unitPrice": 3.78
        },
        {
          "date": "2021-07-20",
          "price": 1.79,
          "unitPrice": 3.58
        },
        {
          "date": "2021-06-28",
          "price": 1.49,
          "unitPrice": 2.98
        },
        {
          "date": "2021-06-22",
          "price": 1,
          "unitPrice": 2
        },
        {
          "date": "2021-05-11",
          "price": 1.49,
          "unitPrice": 2.98
        },
        {
          "date": "2021-03-29",
          "price": 1.69,
          "unitPrice": 3.38
        },
        {
          "date": "2021-03-27",
          "price": 1,
          "unitPrice": 2
        },
        {
          "date": "2021-02-15",
          "price": 1.69,
          "unitPrice": 3.38
        },
        {
          "date": "2021-02-09",
          "price": 1.29,
          "unitPrice": 2.58
        },
        {
          "date": "2021-02-02",
          "price": 1.69,
          "unitPrice": 3.38
        },
        {
          "date": "2020-10-28",
          "price": 1.49,
          "unitPrice": 2.98
        },
        {
          "date": "2020-09-22",
          "price": 1.69,
          "unitPrice": 3.38
        },
        {
          "date": "2020-09-14",
          "price": 1.79,
          "unitPrice": 3.58
        },
        {
          "date": "2020-09-08",
          "price": 1.29,
          "unitPrice": 2.58
        },
        {
          "date": "2020-08-25",
          "price": 1.79,
          "unitPrice": 3.58
        },
        {
          "date": "2020-08-20",
          "price": 1.29,
          "unitPrice": 2.58
        },
        {
          "date": "2020-08-17",
          "price": 1.79,
          "unitPrice": 3.58
        },
        {
          "date": "2020-08-11",
          "price": 1.29,
          "unitPrice": 2.58
        },
        {
          "date": "2020-07-21",
          "price": 1.79,
          "unitPrice": 3.58
        },
        {
          "date": "2020-06-08",
          "price": 1.49,
          "unitPrice": 2.98
        },
        {
          "date": "2020-06-03",
          "price": 1,
          "unitPrice": 2
        },
        {
          "date": "2020-04-07",
          "price": 1.49,
          "unitPrice": 2.98
        },
        {
          "date": "2020-03-24",
          "price": 1.79,
          "unitPrice": 3.58
        },
        {
          "date": "2019-12-02",
          "price": 1.49,
          "unitPrice": 2.98
        },
        {
          "date": "2019-11-26",
          "price": 1,
          "unitPrice": 2
        },
        {
          "date": "2019-11-05",
          "price": 1.49,
          "unitPrice": 2.98
        },
        {
          "date": "2019-10-07",
          "price": 1.69,
          "unitPrice": 3.38
        },
        {
          "date": "2019-10-05",
          "price": 1.29,
          "unitPrice": 2.58
        },
        {
          "date": "2019-08-27",
          "price": 1.69,
          "unitPrice": 3.38
        },
        {
          "date": "2019-08-20",
          "price": 1.29,
          "unitPrice": 2.58
        },
        {
          "date": "2019-08-12",
          "price": 1.69,
          "unitPrice": 3.38
        },
        {
          "date": "2019-08-08",
          "price": 1.39,
          "unitPrice": 2.78
        },
        {
          "date": "2019-07-29",
          "price": 1.69,
          "unitPrice": 3.38
        },
        {
          "date": "2019-07-23",
          "price": 1.39,
          "unitPrice": 2.78
        },
        {
          "date": "2019-07-09",
          "price": 1.69,
          "unitPrice": 3.38
        },
        {
          "date": "2019-06-17",
          "price": 1.29,
          "unitPrice": 2.58
        },
        {
          "date": "2019-06-12",
          "price": 1,
          "unitPrice": 2
        },
        {
          "date": "2019-06-03",
          "price": 1.29,
          "unitPrice": 2.58
        },
        {
          "date": "2019-05-28",
          "price": 1,
          "unitPrice": 2
        },
        {
          "date": "2019-04-29",
          "price": 1.29,
          "unitPrice": 2.58
        },
        {
          "date": "2019-04-24",
          "price": 0.99,
          "unitPrice": 1.98
        },
        {
          "date": "2019-03-19",
          "price": 1.29,
          "unitPrice": 2.58
        },
        {
          "date": "2019-03-12",
          "price": 1.49,
          "unitPrice": 2.98
        },
        {
          "date": "2019-03-04",
          "price": 1.69,
          "unitPrice": 3.38
        },
        {
          "date": "2019-02-26",
          "price": 1.19,
          "unitPrice": 2.38
        },
        {
          "date": "2019-02-05",
          "price": 1.69,
          "unitPrice": 3.38
        },
        {
          "date": "2018-11-27",
          "price": 1.49,
          "unitPrice": 2.98
        },
        {
          "date": "2018-10-23",
          "price": 1.69,
          "unitPrice": 3.38
        },
        {
          "date": "2018-10-22",
          "price": 1.79,
          "unitPrice": 3.58
        },
        {
          "date": "2018-10-20",
          "price": 1.29,
          "unitPrice": 2.58
        },
        {
          "date": "2018-08-13",
          "price": 1.79,
          "unitPrice": 3.58
        },
        {
          "date": "2018-08-07",
          "price": 1.39,
          "unitPrice": 2.78
        },
        {
          "date": "2018-06-26",
          "price": 1.79,
          "unitPrice": 3.58
        },
        {
          "date": "2018-06-11",
          "price": 1.29,
          "unitPrice": 2.58
        },
        {
          "date": "2018-06-05",
          "price": 1,
          "unitPrice": 2
        },
        {
          "date": "2018-05-21",
          "price": 1.29,
          "unitPrice": 2.58
        },
        {
          "date": "2018-05-16",
          "price": 1.09,
          "unitPrice": 2.18
        },
        {
          "date": "2018-04-17",
          "price": 1.29,
          "unitPrice": 2.58
        },
        {
          "date": "2018-02-26",
          "price": 1.49,
          "unitPrice": 2.98
        },
        {
          "date": "2018-02-19",
          "price": 1.29,
          "unitPrice": 2.58
        },
        {
          "date": "2018-02-09",
          "price": 1.49,
          "unitPrice": 2.98
        },
        {
          "date": "2018-01-30",
          "price": 1.29,
          "unitPrice": 2.58
        },
        {
          "date": "2017-12-04",
          "price": 1.49,
          "unitPrice": 2.98
        },
        {
          "date": "2017-11-30",
          "price": 1.79,
          "unitPrice": 3.58
        },
        {
          "date": "2017-11-14",
          "price": 1.99,
          "unitPrice": 3.98
        },
        {
          "date": "2017-11-13",
          "price": 2.49,
          "unitPrice": 4.98
        },
        {
          "date": "2017-11-11",
          "price": 1.24,
          "unitPrice": 2.48
        },
        {
          "date": "2017-10-17",
          "price": 2.49,
          "unitPrice": 4.98
        },
        {
          "date": "2017-06-25",
          "price": 1.99,
          "unitPrice": 3.98
        },
        {
          "date": "2017-06-15",
          "price": 1.49,
          "unitPrice": 2.98
        },
        {
          "date": "2017-05-21",
          "price": 1.79,
          "unitPrice": 3.58
        },
        {
          "date": "2017-05-14",
          "price": 1.99,
          "unitPrice": 3.98
        },
        {
          "date": "2017-05-08",
          "price": 1.49,
          "unitPrice": 2.98
        },
        {
          "date": "2017-04-30",
          "price": 2.19,
          "unitPrice": 4.38
        },
        {
          "date": "2017-04-20",
          "price": 2.49,
          "unitPrice": 4.98
        }
      ],
      "isWeighted": false,
      "unit": "g",
      "quantity": 500,
      "bio": false,
      "url": "",
      "search": "s-budget cherrytomate an der rispe 500 g"
    },
    {
      "store": "billa",
      "id": "00-667910",
      "name": "Clever Chicken Wings",
      "category": "42",
      "unavailable": false,
      "price": 4.49,
      "priceHistory": [
        {
          "date": "2022-12-09",
          "price": 4.49,
          "unitPrice": 5.986666666666667
        },
        {
          "date": "2022-09-08",
          "price": 3.99,
          "unitPrice": 5.32
        },
        {
          "date": "2022-03-31",
          "price": 3.79,
          "unitPrice": 5.053333333333334
        },
        {
          "date": "2021-12-06",
          "price": 3.29,
          "unitPrice": 4.386666666666667
        },
        {
          "date": "2020-01-16",
          "price": 2.99,
          "unitPrice": 3.986666666666667
        },
        {
          "date": "2019-10-24",
          "price": 3.29,
          "unitPrice": 4.386666666666667
        },
        {
          "date": "2017-04-05",
          "price": 2.99,
          "unitPrice": 3.986666666666667
        }
      ],
      "isWeighted": false,
      "unit": "g",
      "quantity": 750,
      "bio": false,
      "url": "",
      "search": "clever chicken wings 750 g"
    },
    {
      "store": "spar",
      "id": "2020003987205",
      "name": "S-BUDGET Chicken Wings",
      "category": "42",
      "unavailable": false,
      "price": 4.49,
      "priceHistory": [
        {
          "date": "2022-09-30",
          "price": 4.49,
          "unitPrice": 5.986666666666667
        },
        {
          "date": "2021-11-04",
          "price": 3.99,
          "unitPrice": 5.32
        }
      ],
      "isWeighted": false,
      "unit": "g",
      "quantity": 750,
      "bio": false,
      "url": "",
      "search": "s-budget chicken wings 750 g"
    },
    {
      "store": "billa",
      "id": "00-892491",
      "name": "Clever Chili Con Carne",
      "category": "54",
      "unavailable": false,
      "price": 1.89,
      "priceHistory": [
        {
          "date": "2023-05-13",
          "price": 1.89,
          "unitPrice": 4.725
        },
        {
          "date": "2023-02-23",
          "price": 1.59,
          "unitPrice": 3.975
        },
        {
          "date": "2022-09-19",
          "price": 1.69,
          "unitPrice": 4.225
        },
        {
          "date": "2019-03-28",
          "price": 1.49,
          "unitPrice": 3.725
        },
        {
          "date": "2017-10-26",
          "price": 1.55,
          "unitPrice": 3.875
        },
        {
          "date": "2017-04-05",
          "price": 1.49,
          "unitPrice": 3.725
        }
      ],
      "isWeighted": false,
      "unit": "g",
      "quantity": 400,
      "bio": false,
      "url": "",
      "search": "clever chili con carne 400 g"
    },
    {
      "store": "spar",
      "id": "7442063",
      "name": "S-BUDGET Chili con Carne",
      "category": "57",
      "unavailable": false,
      "price": 1.89,
      "priceHistory": [
        {
          "date": "2023-04-21",
          "price": 1.89,
          "unitPrice": 4.725
        },
        {
          "date": "2022-10-04",
          "price": 1.59,
          "unitPrice": 3.975
        },
        {
          "date": "2022-03-16",
          "price": 1.49,
          "unitPrice": 3.725
        },
        {
          "date": "2021-10-28",
          "price": 1.39,
          "unitPrice": 3.4749999999999996
        },
        {
          "date": "2017-04-20",
          "price": 1.49,
          "unitPrice": 3.725
        }
      ],
      "isWeighted": false,
      "unit": "g",
      "quantity": 400,
      "bio": false,
      "url": "",
      "search": "s-budget chili con carne 400 g"
    },
    {
      "store": "billa",
      "id": "00-502950",
      "name": "Clever Chocolate Chip Cookies",
      "category": "64",
      "unavailable": false,
      "price": 1.19,
      "priceHistory": [
        {
          "date": "2023-05-21",
          "price": 1.19,
          "unitPrice": 5.288888888888889
        },
        {
          "date": "2022-09-20",
          "price": 0.99,
          "unitPrice": 4.4
        },
        {
          "date": "2021-11-27",
          "price": 0.89,
          "unitPrice": 3.9555555555555557
        },
        {
          "date": "2021-11-25",
          "price": 0.67,
          "unitPrice": 2.977777777777778
        },
        {
          "date": "2020-01-02",
          "price": 0.89,
          "unitPrice": 3.9555555555555557
        },
        {
          "date": "2019-10-03",
          "price": 0.99,
          "unitPrice": 4.4
        },
        {
          "date": "2017-04-05",
          "price": 0.89,
          "unitPrice": 3.9555555555555557
        }
      ],
      "isWeighted": false,
      "unit": "g",
      "quantity": 225,
      "bio": false,
      "url": "",
      "search": "clever chocolate chip cookies 225 g"
    },
    {
      "store": "spar",
      "id": "2020004425195",
      "name": "S-BUDGET Chocolate Chip Cookies",
      "category": "64",
      "unavailable": false,
      "price": 1.19,
      "priceHistory": [
        {
          "date": "2023-03-03",
          "price": 1.19,
          "unitPrice": 5.288888888888889
        },
        {
          "date": "2022-11-11",
          "price": 0.99,
          "unitPrice": 4.4
        }
      ],
      "isWeighted": false,
      "unit": "g",
      "quantity": 225,
      "bio": false,
      "url": "",
      "search": "s-budget chocolate chip cookies 225 g"
    },
    {
      "store": "billa",
      "id": "00-607023",
      "name": "Clever Condimento Balsamico Bianco",
      "category": "53",
      "unavailable": false,
      "price": 1.29,
      "priceHistory": [
        {
          "date": "2022-01-24",
          "price": 1.29,
          "unitPrice": 2.58
        },
        {
          "date": "2018-01-11",
          "price": 1.19,
          "unitPrice": 2.38
        },
        {
          "date": "2017-04-05",
          "price": 0.99,
          "unitPrice": 1.98
        }
      ],
      "isWeighted": false,
      "unit": "ml",
      "quantity": 500,
      "bio": false,
      "url": "",
      "search": "clever condimento balsamico bianco 500 ml"
    },
    {
      "store": "spar",
      "id": "2020001082469",
      "name": "S-BUDGET Condimento Bianco",
      "category": "5F",
      "unavailable": false,
      "price": 1.29,
      "priceHistory": [
        {
          "date": "2023-04-28",
          "price": 1.29,
          "unitPrice": 2.58
        },
        {
          "date": "2023-02-14",
          "price": 1.69,
          "unitPrice": 3.38
        },
        {
          "date": "2022-01-19",
          "price": 1.29,
          "unitPrice": 2.58
        },
        {
          "date": "2018-01-10",
          "price": 1.19,
          "unitPrice": 2.38
        },
        {
          "date": "2017-05-09",
          "price": 0.99,
          "unitPrice": 1.98
        }
      ],
      "isWeighted": false,
      "unit": "ml",
      "quantity": 500,
      "bio": false,
      "url": "",
      "search": "s-budget condimento bianco 500 ml"
    },
    {
      "store": "billa",
      "id": "00-406402",
      "name": "Clever Cottage Cheese",
      "category": "33",
      "unavailable": false,
      "price": 1.29,
      "priceHistory": [
        {
          "date": "2023-06-01",
          "price": 1.29,
          "unitPrice": 5.16
        },
        {
          "date": "2023-01-26",
          "price": 1.39,
          "unitPrice": 5.56
        },
        {
          "date": "2022-10-20",
          "price": 1.29,
          "unitPrice": 5.16
        },
        {
          "date": "2022-06-22",
          "price": 1.19,
          "unitPrice": 4.76
        },
        {
          "date": "2022-03-03",
          "price": 1.09,
          "unitPrice": 4.36
        },
        {
          "date": "2021-08-13",
          "price": 0.95,
          "unitPrice": 3.8
        },
        {
          "date": "2021-05-25",
          "price": 0.89,
          "unitPrice": 3.56
        },
        {
          "date": "2020-12-31",
          "price": 0.95,
          "unitPrice": 3.8
        },
        {
          "date": "2020-02-18",
          "price": 1.05,
          "unitPrice": 4.2
        },
        {
          "date": "2018-10-09",
          "price": 0.99,
          "unitPrice": 3.96
        },
        {
          "date": "2017-08-17",
          "price": 0.95,
          "unitPrice": 3.8
        },
        {
          "date": "2017-04-05",
          "price": 0.89,
          "unitPrice": 3.56
        }
      ],
      "isWeighted": false,
      "unit": "g",
      "quantity": 250,
      "bio": false,
      "url": "",
      "search": "clever cottage cheese 250 g"
    },
    {
      "store": "spar",
      "id": "1386448",
      "name": "S-BUDGET Cottage Cheese Natur",
      "category": "33",
      "unavailable": false,
      "price": 1.29,
      "priceHistory": [
        {
          "date": "2023-06-01",
          "price": 1.29,
          "unitPrice": 5.16
        },
        {
          "date": "2023-03-02",
          "price": 1.39,
          "unitPrice": 5.56
        },
        {
          "date": "2023-01-13",
          "price": 1.49,
          "unitPrice": 5.96
        },
        {
          "date": "2022-11-11",
          "price": 1.29,
          "unitPrice": 5.16
        },
        {
          "date": "2022-10-20",
          "price": 1.19,
          "unitPrice": 4.76
        },
        {
          "date": "2022-10-18",
          "price": 1.29,
          "unitPrice": 5.16
        },
        {
          "date": "2022-09-30",
          "price": 1.19,
          "unitPrice": 4.76
        },
        {
          "date": "2022-03-09",
          "price": 1.09,
          "unitPrice": 4.36
        },
        {
          "date": "2022-02-08",
          "price": 0.99,
          "unitPrice": 3.96
        },
        {
          "date": "2021-09-02",
          "price": 0.95,
          "unitPrice": 3.8
        },
        {
          "date": "2021-06-02",
          "price": 0.89,
          "unitPrice": 3.56
        },
        {
          "date": "2021-01-13",
          "price": 0.95,
          "unitPrice": 3.8
        },
        {
          "date": "2020-02-27",
          "price": 1.05,
          "unitPrice": 4.2
        },
        {
          "date": "2018-10-15",
          "price": 0.99,
          "unitPrice": 3.96
        },
        {
          "date": "2017-10-03",
          "price": 0.95,
          "unitPrice": 3.8
        },
        {
          "date": "2017-04-20",
          "price": 0.89,
          "unitPrice": 3.56
        }
      ],
      "isWeighted": false,
      "unit": "g",
      "quantity": 250,
      "bio": false,
      "url": "",
      "search": "s-budget cottage cheese natur 250 g"
    },
    {
      "store": "billa",
      "id": "00-543635",
      "name": "Clever Cottage Cheese mit Schnittlauch",
      "category": "33",
      "unavailable": false,
      "price": 1.29,
      "priceHistory": [
        {
          "date": "2023-06-01",
          "price": 1.29,
          "unitPrice": 5.16
        },
        {
          "date": "2023-01-26",
          "price": 1.39,
          "unitPrice": 5.56
        },
        {
          "date": "2022-10-20",
          "price": 1.29,
          "unitPrice": 5.16
        },
        {
          "date": "2022-06-22",
          "price": 1.19,
          "unitPrice": 4.76
        },
        {
          "date": "2022-03-03",
          "price": 1.09,
          "unitPrice": 4.36
        },
        {
          "date": "2021-08-13",
          "price": 0.95,
          "unitPrice": 3.8
        },
        {
          "date": "2021-05-25",
          "price": 0.89,
          "unitPrice": 3.56
        },
        {
          "date": "2020-12-31",
          "price": 0.95,
          "unitPrice": 3.8
        },
        {
          "date": "2020-02-18",
          "price": 1.05,
          "unitPrice": 4.2
        },
        {
          "date": "2018-10-09",
          "price": 0.99,
          "unitPrice": 3.96
        },
        {
          "date": "2017-08-17",
          "price": 0.95,
          "unitPrice": 3.8
        },
        {
          "date": "2017-04-05",
          "price": 0.89,
          "unitPrice": 3.56
        }
      ],
      "isWeighted": false,
      "unit": "g",
      "quantity": 250,
      "bio": false,
      "url": "",
      "search": "clever cottage cheese mit schnittlauch 250 g"
    },
    {
      "store": "spar",
      "id": "2020002248253",
      "name": "S-BUDGET Cottage Cheese Schnittlauch",
      "category": "33",
      "unavailable": false,
      "price": 1.29,
      "priceHistory": [
        {
          "date": "2023-06-01",
          "price": 1.29,
          "unitPrice": 5.16
        },
        {
          "date": "2023-03-02",
          "price": 1.39,
          "unitPrice": 5.56
        },
        {
          "date": "2023-01-13",
          "price": 1.49,
          "unitPrice": 5.96
        },
        {
          "date": "2022-11-11",
          "price": 1.29,
          "unitPrice": 5.16
        },
        {
          "date": "2022-10-20",
          "price": 1.19,
          "unitPrice": 4.76
        },
        {
          "date": "2022-10-18",
          "price": 1.29,
          "unitPrice": 5.16
        },
        {
          "date": "2022-09-30",
          "price": 1.19,
          "unitPrice": 4.76
        },
        {
          "date": "2022-03-09",
          "price": 1.09,
          "unitPrice": 4.36
        },
        {
          "date": "2022-02-08",
          "price": 0.99,
          "unitPrice": 3.96
        },
        {
          "date": "2021-09-01",
          "price": 0.95,
          "unitPrice": 3.8
        },
        {
          "date": "2021-06-02",
          "price": 0.89,
          "unitPrice": 3.56
        },
        {
          "date": "2021-01-13",
          "price": 0.95,
          "unitPrice": 3.8
        },
        {
          "date": "2020-02-28",
          "price": 1.05,
          "unitPrice": 4.2
        },
        {
          "date": "2018-10-16",
          "price": 0.99,
          "unitPrice": 3.96
        },
        {
          "date": "2018-01-17",
          "price": 0.95,
          "unitPrice": 3.8
        }
      ],
      "isWeighted": false,
      "unit": "g",
      "quantity": 250,
      "bio": false,
      "url": "",
      "search": "s-budget cottage cheese schnittlauch 250 g"
    },
    {
      "store": "billa",
      "id": "00-578907",
      "name": "Clever Cranberries",
      "category": "03",
      "unavailable": false,
      "price": 1.79,
      "priceHistory": [
        {
          "date": "2023-06-21",
          "price": 1.79,
          "unitPrice": 8.95
        }
      ],
      "isWeighted": false,
      "unit": "g",
      "quantity": 200,
      "bio": false,
      "url": "",
      "search": "clever cranberries 200 g"
    },
    {
      "store": "spar",
      "id": "1269246",
      "name": "S-BUDGET Cranberries",
      "category": "03",
      "unavailable": false,
      "price": 1.79,
      "priceHistory": [
        {
          "date": "2023-03-21",
          "price": 1.79,
          "unitPrice": 8.95
        },
        {
          "date": "2023-02-10",
          "price": 1.99,
          "unitPrice": 9.950000000000001
        },
        {
          "date": "2022-09-30",
          "price": 1.79,
          "unitPrice": 8.95
        },
        {
          "date": "2021-03-24",
          "price": 1.69,
          "unitPrice": 8.45
        },
        {
          "date": "2018-05-17",
          "price": 1.79,
          "unitPrice": 8.95
        },
        {
          "date": "2017-04-20",
          "price": 2.23,
          "unitPrice": 11.15
        }
      ],
      "isWeighted": false,
      "unit": "g",
      "quantity": 200,
      "bio": false,
      "url": "",
      "search": "s-budget cranberries 200 g"
    },
    {
      "store": "billa",
      "id": "00-668903",
      "name": "Clever Crème Fraîche Kräuter",
      "category": "34",
      "unavailable": false,
      "price": 0.95,
      "priceHistory": [
        {
          "date": "2023-05-19",
          "price": 0.95,
          "unitPrice": 6.333333333333333
        },
        {
          "date": "2022-12-30",
          "price": 0.99,
          "unitPrice": 6.6
        },
        {
          "date": "2022-06-21",
          "price": 0.89,
          "unitPrice": 5.933333333333333
        },
        {
          "date": "2022-03-08",
          "price": 0.69,
          "unitPrice": 4.6
        },
        {
          "date": "2021-09-02",
          "price": 0.65,
          "unitPrice": 4.333333333333333
        },
        {
          "date": "2021-05-04",
          "price": 0.59,
          "unitPrice": 3.933333333333333
        },
        {
          "date": "2020-01-30",
          "price": 0.67,
          "unitPrice": 4.466666666666667
        },
        {
          "date": "2018-12-11",
          "price": 0.63,
          "unitPrice": 4.2
        },
        {
          "date": "2018-10-06",
          "price": 0.59,
          "unitPrice": 3.933333333333333
        },
        {
          "date": "2017-09-11",
          "price": 0.56,
          "unitPrice": 3.733333333333334
        },
        {
          "date": "2017-08-04",
          "price": 0.64,
          "unitPrice": 4.266666666666667
        },
        {
          "date": "2017-04-05",
          "price": 0.56,
          "unitPrice": 3.733333333333334
        }
      ],
      "isWeighted": false,
      "unit": "g",
      "quantity": 150,
      "bio": false,
      "url": "",
      "search": "clever crème fraîche kräuter 150 g"
    },
    {
      "store": "spar",
      "id": "7840739",
      "name": "S-BUDGET Crème fraîche natur",
      "category": "34",
      "unavailable": false,
      "price": 0.95,
      "priceHistory": [
        {
          "date": "2023-05-25",
          "price": 0.95,
          "unitPrice": 6.333333333333333
        },
        {
          "date": "2022-12-29",
          "price": 0.99,
          "unitPrice": 6.6
        },
        {
          "date": "2022-12-01",
          "price": 0.95,
          "unitPrice": 6.333333333333333
        },
        {
          "date": "2022-09-30",
          "price": 0.89,
          "unitPrice": 5.933333333333333
        },
        {
          "date": "2022-02-20",
          "price": 0.69,
          "unitPrice": 4.6
        },
        {
          "date": "2021-08-28",
          "price": 0.65,
          "unitPrice": 4.333333333333333
        },
        {
          "date": "2021-05-18",
          "price": 0.59,
          "unitPrice": 3.933333333333333
        },
        {
          "date": "2020-03-07",
          "price": 0.67,
          "unitPrice": 4.466666666666667
        },
        {
          "date": "2019-01-15",
          "price": 0.63,
          "unitPrice": 4.2
        },
        {
          "date": "2018-10-13",
          "price": 0.59,
          "unitPrice": 3.933333333333333
        },
        {
          "date": "2017-10-03",
          "price": 0.56,
          "unitPrice": 3.733333333333334
        },
        {
          "date": "2017-06-15",
          "price": 0.59,
          "unitPrice": 3.933333333333333
        },
        {
          "date": "2017-04-20",
          "price": 0.56,
          "unitPrice": 3.733333333333334
        }
      ],
      "isWeighted": false,
      "unit": "g",
      "quantity": 150,
      "bio": false,
      "url": "",
      "search": "s-budget crème fraîche natur 150 g"
    },
    {
      "store": "billa",
      "id": "00-668900",
      "name": "Clever Crème Fraîche Natur",
      "category": "34",
      "unavailable": false,
      "price": 0.95,
      "priceHistory": [
        {
          "date": "2023-05-19",
          "price": 0.95,
          "unitPrice": 6.333333333333333
        },
        {
          "date": "2022-12-27",
          "price": 0.99,
          "unitPrice": 6.6
        },
        {
          "date": "2022-06-21",
          "price": 0.89,
          "unitPrice": 5.933333333333333
        },
        {
          "date": "2022-03-08",
          "price": 0.69,
          "unitPrice": 4.6
        },
        {
          "date": "2021-09-02",
          "price": 0.65,
          "unitPrice": 4.333333333333333
        },
        {
          "date": "2021-05-04",
          "price": 0.59,
          "unitPrice": 3.933333333333333
        },
        {
          "date": "2020-01-30",
          "price": 0.67,
          "unitPrice": 4.466666666666667
        },
        {
          "date": "2018-12-11",
          "price": 0.63,
          "unitPrice": 4.2
        },
        {
          "date": "2018-10-06",
          "price": 0.59,
          "unitPrice": 3.933333333333333
        },
        {
          "date": "2017-09-11",
          "price": 0.56,
          "unitPrice": 3.733333333333334
        },
        {
          "date": "2017-08-04",
          "price": 0.64,
          "unitPrice": 4.266666666666667
        },
        {
          "date": "2017-04-05",
          "price": 0.56,
          "unitPrice": 3.733333333333334
        }
      ],
      "isWeighted": false,
      "unit": "g",
      "quantity": 150,
      "bio": false,
      "url": "",
      "search": "clever crème fraîche natur 150 g"
    },
    {
      "store": "spar",
      "id": "7840739",
      "name": "S-BUDGET Crème fraîche natur",
      "category": "34",
      "unavailable": false,
      "price": 0.95,
      "priceHistory": [
        {
          "date": "2023-05-25",
          "price": 0.95,
          "unitPrice": 6.333333333333333
        },
        {
          "date": "2022-12-29",
          "price": 0.99,
          "unitPrice": 6.6
        },
        {
          "date": "2022-12-01",
          "price": 0.95,
          "unitPrice": 6.333333333333333
        },
        {
          "date": "2022-09-30",
          "price": 0.89,
          "unitPrice": 5.933333333333333
        },
        {
          "date": "2022-02-20",
          "price": 0.69,
          "unitPrice": 4.6
        },
        {
          "date": "2021-08-28",
          "price": 0.65,
          "unitPrice": 4.333333333333333
        },
        {
          "date": "2021-05-18",
          "price": 0.59,
          "unitPrice": 3.933333333333333
        },
        {
          "date": "2020-03-07",
          "price": 0.67,
          "unitPrice": 4.466666666666667
        },
        {
          "date": "2019-01-15",
          "price": 0.63,
          "unitPrice": 4.2
        },
        {
          "date": "2018-10-13",
          "price": 0.59,
          "unitPrice": 3.933333333333333
        },
        {
          "date": "2017-10-03",
          "price": 0.56,
          "unitPrice": 3.733333333333334
        },
        {
          "date": "2017-06-15",
          "price": 0.59,
          "unitPrice": 3.933333333333333
        },
        {
          "date": "2017-04-20",
          "price": 0.56,
          "unitPrice": 3.733333333333334
        }
      ],
      "isWeighted": false,
      "unit": "g",
      "quantity": 150,
      "bio": false,
      "url": "",
      "search": "s-budget crème fraîche natur 150 g"
    },
    {
      "store": "billa",
      "id": "00-457748",
      "name": "Clever Edamer Scheiben",
      "category": "33",
      "unavailable": false,
      "price": 3.29,
      "priceHistory": [
        {
          "date": "2023-05-25",
          "price": 3.29,
          "unitPrice": 8.225
        },
        {
          "date": "2022-12-14",
          "price": 3.49,
          "unitPrice": 8.725
        },
        {
          "date": "2022-09-07",
          "price": 3.29,
          "unitPrice": 8.225
        },
        {
          "date": "2022-06-17",
          "price": 2.99,
          "unitPrice": 7.4750000000000005
        },
        {
          "date": "2022-03-04",
          "price": 2.69,
          "unitPrice": 6.725
        },
        {
          "date": "2021-10-22",
          "price": 2.49,
          "unitPrice": 6.2250000000000005
        },
        {
          "date": "2021-05-25",
          "price": 2.29,
          "unitPrice": 5.725
        },
        {
          "date": "2020-08-27",
          "price": 2.49,
          "unitPrice": 6.2250000000000005
        },
        {
          "date": "2020-01-30",
          "price": 2.89,
          "unitPrice": 7.2250000000000005
        },
        {
          "date": "2018-10-09",
          "price": 2.85,
          "unitPrice": 7.125
        },
        {
          "date": "2017-07-13",
          "price": 2.69,
          "unitPrice": 6.725
        },
        {
          "date": "2017-05-25",
          "price": 2.49,
          "unitPrice": 6.2250000000000005
        },
        {
          "date": "2017-04-05",
          "price": 2.69,
          "unitPrice": 6.725
        }
      ],
      "isWeighted": false,
      "unit": "g",
      "quantity": 400,
      "bio": false,
      "url": "",
      "search": "clever edamer scheiben 400 g"
    },
    {
      "store": "spar",
      "id": "2020002818807",
      "name": "S-BUDGET Edamer in Scheiben",
      "category": "33",
      "unavailable": false,
      "price": 3.29,
      "priceHistory": [
        {
          "date": "2023-05-16",
          "price": 3.29,
          "unitPrice": 8.225
        },
        {
          "date": "2022-12-06",
          "price": 3.49,
          "unitPrice": 8.725
        },
        {
          "date": "2022-09-30",
          "price": 3.29,
          "unitPrice": 8.225
        },
        {
          "date": "2022-03-23",
          "price": 2.69,
          "unitPrice": 6.725
        },
        {
          "date": "2021-10-12",
          "price": 2.49,
          "unitPrice": 6.2250000000000005
        },
        {
          "date": "2021-05-11",
          "price": 2.29,
          "unitPrice": 5.725
        },
        {
          "date": "2020-08-18",
          "price": 2.49,
          "unitPrice": 6.2250000000000005
        },
        {
          "date": "2020-03-21",
          "price": 2.89,
          "unitPrice": 7.2250000000000005
        }
      ],
      "isWeighted": false,
      "unit": "g",
      "quantity": 400,
      "bio": false,
      "url": "",
      "search": "s-budget edamer in scheiben 400 g"
    },
    {
      "store": "billa",
      "id": "00-312736",
      "name": "Clever Eier aus Bodenhaltung M",
      "category": "31",
      "unavailable": false,
      "price": 3.29,
      "priceHistory": [
        {
          "date": "2022-04-21",
          "price": 3.29,
          "unitPrice": 0.21933333333333332
        },
        {
          "date": "2022-03-23",
          "price": 2.95,
          "unitPrice": 0.19666666666666668
        },
        {
          "date": "2022-01-13",
          "price": 2.55,
          "unitPrice": 0.16999999999999998
        },
        {
          "date": "2021-08-30",
          "price": 2.39,
          "unitPrice": 0.15933333333333335
        },
        {
          "date": "2021-06-16",
          "price": 2.19,
          "unitPrice": 0.146
        }
      ],
      "isWeighted": false,
      "unit": "stk",
      "quantity": 15,
      "bio": false,
      "url": "",
      "search": "clever eier aus bodenhaltung m 15 stk"
    },
    {
      "store": "spar",
      "id": "2020003486937",
      "name": "S-BUDGET Frische Eier aus Bodenhaltung",
      "category": "34",
      "unavailable": false,
      "price": 3.29,
      "priceHistory": [
        {
          "date": "2022-04-28",
          "price": 3.29,
          "unitPrice": 0.21933333333333332
        },
        {
          "date": "2022-03-23",
          "price": 2.95,
          "unitPrice": 0.19666666666666668
        },
        {
          "date": "2022-01-13",
          "price": 2.55,
          "unitPrice": 0.16999999999999998
        },
        {
          "date": "2021-09-08",
          "price": 2.39,
          "unitPrice": 0.15933333333333335
        },
        {
          "date": "2020-07-17",
          "price": 2.19,
          "unitPrice": 0.146
        }
      ],
      "isWeighted": false,
      "unit": "stk",
      "quantity": 15,
      "bio": false,
      "url": "",
      "search": "s-budget frische eier aus bodenhaltung 15 stk"
    },
    {
      "store": "billa",
      "id": "00-312703",
      "name": "Clever Eier aus Bodenhaltung M",
      "category": "31",
      "unavailable": false,
      "price": 2.49,
      "priceHistory": [
        {
          "date": "2022-04-21",
          "price": 2.49,
          "unitPrice": 0.24900000000000003
        },
        {
          "date": "2022-03-23",
          "price": 2.29,
          "unitPrice": 0.229
        },
        {
          "date": "2022-01-13",
          "price": 1.99,
          "unitPrice": 0.199
        },
        {
          "date": "2021-08-13",
          "price": 1.89,
          "unitPrice": 0.189
        },
        {
          "date": "2020-05-14",
          "price": 1.69,
          "unitPrice": 0.16899999999999998
        },
        {
          "date": "2020-01-24",
          "price": 1.79,
          "unitPrice": 0.179
        },
        {
          "date": "2019-07-24",
          "price": 1.69,
          "unitPrice": 0.16899999999999998
        }
      ],
      "isWeighted": false,
      "unit": "stk",
      "quantity": 10,
      "bio": false,
      "url": "",
      "search": "clever eier aus bodenhaltung m 10 stk"
    },
    {
      "store": "spar",
      "id": "2020001073672",
      "name": "S-BUDGET Frische Eier aus Bodenhaltung",
      "category": "34",
      "unavailable": false,
      "price": 2.49,
      "priceHistory": [
        {
          "date": "2022-09-30",
          "price": 2.49,
          "unitPrice": 0.24900000000000003
        },
        {
          "date": "2022-04-28",
          "price": 2.29,
          "unitPrice": 0.229
        },
        {
          "date": "2022-04-13",
          "price": 2.55,
          "unitPrice": 0.255
        },
        {
          "date": "2022-03-23",
          "price": 2.29,
          "unitPrice": 0.229
        },
        {
          "date": "2022-02-04",
          "price": 1.99,
          "unitPrice": 0.199
        },
        {
          "date": "2021-08-04",
          "price": 1.89,
          "unitPrice": 0.189
        },
        {
          "date": "2020-04-21",
          "price": 1.69,
          "unitPrice": 0.16899999999999998
        },
        {
          "date": "2020-03-24",
          "price": 1.89,
          "unitPrice": 0.189
        },
        {
          "date": "2020-01-17",
          "price": 1.79,
          "unitPrice": 0.179
        },
        {
          "date": "2017-11-10",
          "price": 1.69,
          "unitPrice": 0.16899999999999998
        },
        {
          "date": "2017-04-20",
          "price": 1.59,
          "unitPrice": 0.159
        }
      ],
      "isWeighted": false,
      "unit": "stk",
      "quantity": 10,
      "bio": false,
      "url": "",
      "search": "s-budget frische eier aus bodenhaltung 10 stk"
    },
    {
      "store": "billa",
      "id": "00-810102",
      "name": "Clever Eiscafé Cappuccino",
      "category": "20",
      "unavailable": false,
      "price": 0.85,
      "priceHistory": [
        {
          "date": "2023-01-09",
          "price": 0.85,
          "unitPrice": 3.4
        },
        {
          "date": "2022-06-23",
          "price": 0.75,
          "unitPrice": 3
        },
        {
          "date": "2022-05-05",
          "price": 0.69,
          "unitPrice": 2.76
        },
        {
          "date": "2020-07-16",
          "price": 0.59,
          "unitPrice": 2.36
        },
        {
          "date": "2017-11-21",
          "price": 0.58,
          "unitPrice": 2.32
        }
      ],
      "isWeighted": false,
      "unit": "ml",
      "quantity": 250,
      "bio": false,
      "url": "",
      "search": "clever eiscafé cappuccino 250 ml"
    },
    {
      "store": "spar",
      "id": "7832307",
      "name": "S-BUDGET Cappuccino",
      "category": "20",
      "unavailable": false,
      "price": 0.85,
      "priceHistory": [
        {
          "date": "2022-12-29",
          "price": 0.85,
          "unitPrice": 3.4
        },
        {
          "date": "2022-11-23",
          "price": 0.75,
          "unitPrice": 3
        },
        {
          "date": "2022-10-26",
          "price": 0.85,
          "unitPrice": 3.4
        },
        {
          "date": "2022-09-30",
          "price": 0.75,
          "unitPrice": 3
        },
        {
          "date": "2022-04-13",
          "price": 0.69,
          "unitPrice": 2.76
        },
        {
          "date": "2022-03-02",
          "price": 0.65,
          "unitPrice": 2.6
        },
        {
          "date": "2020-07-15",
          "price": 0.59,
          "unitPrice": 2.36
        },
        {
          "date": "2017-04-20",
          "price": 0.58,
          "unitPrice": 2.32
        }
      ],
      "isWeighted": false,
      "unit": "ml",
      "quantity": 250,
      "bio": false,
      "url": "",
      "search": "s-budget cappuccino 250 ml"
    },
    {
      "store": "billa",
      "id": "00-810158",
      "name": "Clever Eiscafé Latte Macchiato",
      "category": "20",
      "unavailable": false,
      "price": 0.85,
      "priceHistory": [
        {
          "date": "2023-01-09",
          "price": 0.85,
          "unitPrice": 3.4
        },
        {
          "date": "2022-06-23",
          "price": 0.75,
          "unitPrice": 3
        },
        {
          "date": "2022-05-05",
          "price": 0.69,
          "unitPrice": 2.76
        },
        {
          "date": "2020-07-16",
          "price": 0.59,
          "unitPrice": 2.36
        },
        {
          "date": "2017-11-21",
          "price": 0.58,
          "unitPrice": 2.32
        }
      ],
      "isWeighted": false,
      "unit": "ml",
      "quantity": 250,
      "bio": false,
      "url": "",
      "search": "clever eiscafé latte macchiato 250 ml"
    },
    {
      "store": "spar",
      "id": "7832321",
      "name": "S-BUDGET Latte Macchiato",
      "category": "20",
      "unavailable": false,
      "price": 0.85,
      "priceHistory": [
        {
          "date": "2022-12-29",
          "price": 0.85,
          "unitPrice": 3.4
        },
        {
          "date": "2022-11-23",
          "price": 0.75,
          "unitPrice": 3
        },
        {
          "date": "2022-10-26",
          "price": 0.85,
          "unitPrice": 3.4
        },
        {
          "date": "2022-09-30",
          "price": 0.75,
          "unitPrice": 3
        },
        {
          "date": "2022-04-13",
          "price": 0.69,
          "unitPrice": 2.76
        },
        {
          "date": "2022-03-02",
          "price": 0.65,
          "unitPrice": 2.6
        },
        {
          "date": "2020-07-07",
          "price": 0.59,
          "unitPrice": 2.36
        },
        {
          "date": "2017-04-20",
          "price": 0.58,
          "unitPrice": 2.32
        }
      ],
      "isWeighted": false,
      "unit": "ml",
      "quantity": 250,
      "bio": false,
      "url": "",
      "search": "s-budget latte macchiato 250 ml"
    },
    {
      "store": "billa",
      "id": "00-260980",
      "name": "Clever Emmentaler gerieben",
      "category": "33",
      "unavailable": false,
      "price": 2.69,
      "priceHistory": [
        {
          "date": "2023-05-26",
          "price": 2.69,
          "unitPrice": 10.76
        },
        {
          "date": "2023-01-12",
          "price": 2.79,
          "unitPrice": 11.16
        },
        {
          "date": "2022-09-07",
          "price": 2.69,
          "unitPrice": 10.76
        },
        {
          "date": "2022-06-17",
          "price": 2.49,
          "unitPrice": 9.96
        },
        {
          "date": "2022-03-03",
          "price": 2.29,
          "unitPrice": 9.16
        },
        {
          "date": "2020-01-30",
          "price": 2.19,
          "unitPrice": 8.76
        },
        {
          "date": "2018-10-09",
          "price": 2.09,
          "unitPrice": 8.36
        },
        {
          "date": "2017-08-04",
          "price": 1.99,
          "unitPrice": 7.96
        },
        {
          "date": "2017-05-23",
          "price": 1.89,
          "unitPrice": 7.56
        },
        {
          "date": "2017-04-05",
          "price": 1.85,
          "unitPrice": 7.4
        }
      ],
      "isWeighted": false,
      "unit": "g",
      "quantity": 250,
      "bio": false,
      "url": "",
      "search": "clever emmentaler gerieben 250 g"
    },
    {
      "store": "spar",
      "id": "2020003504587",
      "name": "S-BUDGET Emmentaler gerieben",
      "category": "33",
      "unavailable": false,
      "price": 2.69,
      "priceHistory": [
        {
          "date": "2023-06-01",
          "price": 2.69,
          "unitPrice": 10.76
        },
        {
          "date": "2023-01-13",
          "price": 2.79,
          "unitPrice": 11.16
        },
        {
          "date": "2022-09-30",
          "price": 2.69,
          "unitPrice": 10.76
        },
        {
          "date": "2022-02-08",
          "price": 2.29,
          "unitPrice": 9.16
        },
        {
          "date": "2020-11-26",
          "price": 2.19,
          "unitPrice": 8.76
        }
      ],
      "isWeighted": false,
      "unit": "g",
      "quantity": 250,
      "bio": false,
      "url": "",
      "search": "s-budget emmentaler gerieben 250 g"
    },
    {
      "store": "billa",
      "id": "00-450351",
      "name": "Clever Emmentaler in Scheiben",
      "category": "33",
      "unavailable": false,
      "price": 4.78,
      "priceHistory": [
        {
          "date": "2023-05-15",
          "price": 4.78,
          "unitPrice": 11.950000000000001
        },
        {
          "date": "2023-02-08",
          "price": 4.98,
          "unitPrice": 12.450000000000001
        },
        {
          "date": "2023-01-12",
          "price": 4.89,
          "unitPrice": 12.225
        },
        {
          "date": "2022-06-17",
          "price": 4.78,
          "unitPrice": 11.950000000000001
        },
        {
          "date": "2022-03-14",
          "price": 3.98,
          "unitPrice": 9.950000000000001
        },
        {
          "date": "2022-03-03",
          "price": 3.69,
          "unitPrice": 9.225000000000001
        },
        {
          "date": "2021-12-09",
          "price": 3.58,
          "unitPrice": 8.95
        },
        {
          "date": "2021-10-08",
          "price": 3.89,
          "unitPrice": 9.725000000000001
        },
        {
          "date": "2021-07-15",
          "price": 3.58,
          "unitPrice": 8.95
        },
        {
          "date": "2021-07-02",
          "price": 3.5,
          "unitPrice": 8.75
        },
        {
          "date": "2021-06-21",
          "price": 3.58,
          "unitPrice": 8.95
        },
        {
          "date": "2021-05-20",
          "price": 3.89,
          "unitPrice": 9.725000000000001
        },
        {
          "date": "2021-01-14",
          "price": 3.79,
          "unitPrice": 9.475000000000001
        },
        {
          "date": "2020-05-08",
          "price": 3.7,
          "unitPrice": 9.250000000000002
        },
        {
          "date": "2020-03-12",
          "price": 3.98,
          "unitPrice": 9.950000000000001
        },
        {
          "date": "2018-10-09",
          "price": 3.9,
          "unitPrice": 9.75
        },
        {
          "date": "2017-08-17",
          "price": 3.69,
          "unitPrice": 9.225000000000001
        },
        {
          "date": "2017-08-04",
          "price": 3.7,
          "unitPrice": 9.250000000000002
        },
        {
          "date": "2017-04-05",
          "price": 3.49,
          "unitPrice": 8.725
        }
      ],
      "isWeighted": false,
      "unit": "g",
      "quantity": 400,
      "bio": false,
      "url": "",
      "search": "clever emmentaler in scheiben 400 g"
    },
    {
      "store": "spar",
      "id": "2020004279989",
      "name": "S-BUDGET Emmentaler in Scheiben",
      "category": "33",
      "unavailable": false,
      "price": 4.78,
      "priceHistory": [
        {
          "date": "2023-02-22",
          "price": 4.78,
          "unitPrice": 11.950000000000001
        },
        {
          "date": "2023-01-17",
          "price": 4.98,
          "unitPrice": 12.450000000000001
        },
        {
          "date": "2022-09-30",
          "price": 4.78,
          "unitPrice": 11.950000000000001
        }
      ],
      "isWeighted": false,
      "unit": "g",
      "quantity": 400,
      "bio": false,
      "url": "",
      "search": "s-budget emmentaler in scheiben 400 g"
    },
    {
      "store": "billa",
      "id": "00-500413",
      "name": "Clever Erdnuss Flips",
      "category": "63",
      "unavailable": false,
      "price": 0.89,
      "priceHistory": [
        {
          "date": "2023-05-17",
          "price": 0.89,
          "unitPrice": 4.45
        },
        {
          "date": "2023-03-16",
          "price": 0.99,
          "unitPrice": 4.949999999999999
        },
        {
          "date": "2022-12-07",
          "price": 0.89,
          "unitPrice": 4.45
        },
        {
          "date": "2022-04-08",
          "price": 0.79,
          "unitPrice": 3.95
        },
        {
          "date": "2017-04-05",
          "price": 0.69,
          "unitPrice": 3.4499999999999997
        }
      ],
      "isWeighted": false,
      "unit": "g",
      "quantity": 200,
      "bio": false,
      "url": "",
      "search": "clever erdnuss flips 200 g"
    },
    {
      "store": "spar",
      "id": "6740702",
      "name": "S-BUDGET Flips Classic",
      "category": "63",
      "unavailable": false,
      "price": 0.89,
      "priceHistory": [
        {
          "date": "2023-03-21",
          "price": 0.89,
          "unitPrice": 4.45
        },
        {
          "date": "2023-02-14",
          "price": 0.99,
          "unitPrice": 4.949999999999999
        },
        {
          "date": "2023-01-31",
          "price": 0.89,
          "unitPrice": 4.45
        },
        {
          "date": "2023-01-03",
          "price": 0.99,
          "unitPrice": 4.949999999999999
        },
        {
          "date": "2022-09-30",
          "price": 0.89,
          "unitPrice": 4.45
        },
        {
          "date": "2022-02-23",
          "price": 0.69,
          "unitPrice": 3.4499999999999997
        },
        {
          "date": "2021-11-18",
          "price": 0.99,
          "unitPrice": 4.949999999999999
        },
        {
          "date": "2017-04-20",
          "price": 0.69,
          "unitPrice": 3.4499999999999997
        }
      ],
      "isWeighted": false,
      "unit": "g",
      "quantity": 200,
      "bio": false,
      "url": "",
      "search": "s-budget flips classic 200 g"
    },
    {
      "store": "billa",
      "id": "00-384389",
      "name": "Clever Estragon Senf",
      "category": "5C",
      "unavailable": false,
      "price": 1.29,
      "priceHistory": [
        {
          "date": "2023-05-15",
          "price": 1.29,
          "unitPrice": 3.9090909090909087
        },
        {
          "date": "2022-11-10",
          "price": 1.19,
          "unitPrice": 3.6060606060606055
        },
        {
          "date": "2022-09-22",
          "price": 0.99,
          "unitPrice": 3
        },
        {
          "date": "2022-04-18",
          "price": 0.97,
          "unitPrice": 2.939393939393939
        },
        {
          "date": "2022-03-21",
          "price": 0.89,
          "unitPrice": 2.696969696969697
        },
        {
          "date": "2021-12-22",
          "price": 0.85,
          "unitPrice": 2.5757575757575757
        },
        {
          "date": "2020-10-14",
          "price": 0.79,
          "unitPrice": 2.393939393939394
        }
      ],
      "isWeighted": false,
      "unit": "g",
      "quantity": 330,
      "bio": false,
      "url": "",
      "search": "clever estragon senf 330 g"
    },
    {
      "store": "spar",
      "id": "2020001182091",
      "name": "S-BUDGET Estragon Senf scharf & würzig",
      "category": "5F",
      "unavailable": false,
      "price": 1.29,
      "priceHistory": [
        {
          "date": "2023-03-28",
          "price": 1.29,
          "unitPrice": 3.9090909090909087
        },
        {
          "date": "2022-11-15",
          "price": 1.19,
          "unitPrice": 3.6060606060606055
        },
        {
          "date": "2022-09-30",
          "price": 0.99,
          "unitPrice": 3
        },
        {
          "date": "2022-04-06",
          "price": 0.97,
          "unitPrice": 2.939393939393939
        },
        {
          "date": "2022-02-09",
          "price": 0.89,
          "unitPrice": 2.696969696969697
        },
        {
          "date": "2021-12-22",
          "price": 0.85,
          "unitPrice": 2.5757575757575757
        },
        {
          "date": "2018-02-15",
          "price": 0.79,
          "unitPrice": 2.393939393939394
        },
        {
          "date": "2017-10-03",
          "price": 0.74,
          "unitPrice": 2.242424242424242
        },
        {
          "date": "2017-06-27",
          "price": 0.75,
          "unitPrice": 2.2727272727272725
        },
        {
          "date": "2017-04-20",
          "price": 0.79,
          "unitPrice": 2.393939393939394
        }
      ],
      "isWeighted": false,
      "unit": "g",
      "quantity": 330,
      "bio": false,
      "url": "",
      "search": "s-budget estragon senf scharf & würzig 330 g"
    },
    {
      "store": "billa",
      "id": "00-436779",
      "name": "Clever Fadennudeln",
      "category": "5B",
      "unavailable": false,
      "price": 1.98,
      "priceHistory": [
        {
          "date": "2022-09-29",
          "price": 1.98,
          "unitPrice": 1.98
        },
        {
          "date": "2021-10-01",
          "price": 1.69,
          "unitPrice": 1.69
        },
        {
          "date": "2020-08-27",
          "price": 1.48,
          "unitPrice": 1.48
        },
        {
          "date": "2020-02-13",
          "price": 1.28,
          "unitPrice": 1.28
        },
        {
          "date": "2018-01-11",
          "price": 1.48,
          "unitPrice": 1.48
        },
        {
          "date": "2017-04-05",
          "price": 1.28,
          "unitPrice": 1.28
        }
      ],
      "isWeighted": false,
      "unit": "g",
      "quantity": 1000,
      "bio": false,
      "url": "",
      "search": "clever fadennudeln 1000 g"
    },
    {
      "store": "spar",
      "id": "7509063",
      "name": "S-BUDGET Eierteigwaren Fadennudeln",
      "category": "5B",
      "unavailable": false,
      "price": 1.98,
      "priceHistory": [
        {
          "date": "2023-01-18",
          "price": 1.98,
          "unitPrice": 1.98
        },
        {
          "date": "2022-09-30",
          "price": 1.69,
          "unitPrice": 1.69
        },
        {
          "date": "2022-04-06",
          "price": 1.79,
          "unitPrice": 1.79
        },
        {
          "date": "2021-10-13",
          "price": 1.69,
          "unitPrice": 1.69
        },
        {
          "date": "2020-07-22",
          "price": 1.48,
          "unitPrice": 1.48
        },
        {
          "date": "2020-01-22",
          "price": 1.28,
          "unitPrice": 1.28
        },
        {
          "date": "2018-02-16",
          "price": 1.48,
          "unitPrice": 1.48
        },
        {
          "date": "2017-04-20",
          "price": 1.28,
          "unitPrice": 1.28
        }
      ],
      "isWeighted": false,
      "unit": "g",
      "quantity": 1000,
      "bio": false,
      "url": "",
      "search": "s-budget eierteigwaren fadennudeln 1000 g"
    },
    {
      "store": "billa",
      "id": "00-473705",
      "name": "Clever Feine Wiener",
      "category": "37",
      "unavailable": false,
      "price": 5.79,
      "priceHistory": [
        {
          "date": "2023-02-24",
          "price": 5.79,
          "unitPrice": 11.58
        },
        {
          "date": "2022-12-02",
          "price": 5.49,
          "unitPrice": 10.98
        },
        {
          "date": "2022-09-13",
          "price": 4.99,
          "unitPrice": 9.98
        },
        {
          "date": "2022-04-21",
          "price": 4.79,
          "unitPrice": 9.58
        },
        {
          "date": "2022-03-10",
          "price": 3.79,
          "unitPrice": 7.58
        },
        {
          "date": "2020-08-13",
          "price": 3.49,
          "unitPrice": 6.98
        },
        {
          "date": "2020-01-16",
          "price": 3.79,
          "unitPrice": 7.58
        },
        {
          "date": "2019-05-10",
          "price": 3.29,
          "unitPrice": 6.58
        },
        {
          "date": "2017-11-07",
          "price": 2.99,
          "unitPrice": 5.98
        }
      ],
      "isWeighted": false,
      "unit": "g",
      "quantity": 500,
      "bio": false,
      "url": "",
      "search": "clever feine wiener 500 g"
    },
    {
      "store": "spar",
      "id": "7257841",
      "name": "S-BUDGET Wiener per Stück",
      "category": "37",
      "unavailable": false,
      "price": 5.79,
      "priceHistory": [
        {
          "date": "2023-03-21",
          "price": 5.79,
          "unitPrice": 11.58
        },
        {
          "date": "2022-12-21",
          "price": 5.49,
          "unitPrice": 10.98
        },
        {
          "date": "2022-11-01",
          "price": 5.39,
          "unitPrice": 10.78
        },
        {
          "date": "2022-09-30",
          "price": 4.99,
          "unitPrice": 9.98
        },
        {
          "date": "2022-04-28",
          "price": 4.79,
          "unitPrice": 9.58
        },
        {
          "date": "2022-03-02",
          "price": 3.79,
          "unitPrice": 7.58
        },
        {
          "date": "2021-02-17",
          "price": 2.99,
          "unitPrice": 5.98
        },
        {
          "date": "2020-08-19",
          "price": 3.49,
          "unitPrice": 6.98
        },
        {
          "date": "2020-01-29",
          "price": 3.79,
          "unitPrice": 7.58
        },
        {
          "date": "2019-05-22",
          "price": 3.29,
          "unitPrice": 6.58
        },
        {
          "date": "2017-04-20",
          "price": 2.99,
          "unitPrice": 5.98
        }
      ],
      "isWeighted": false,
      "unit": "g",
      "quantity": 500,
      "bio": false,
      "url": "",
      "search": "s-budget wiener per stück 500 g"
    },
    {
      "store": "billa",
      "id": "00-771955",
      "name": "Clever Fleischschmalz",
      "category": "57",
      "unavailable": false,
      "price": 1.09,
      "priceHistory": [
        {
          "date": "2023-06-22",
          "price": 1.09,
          "unitPrice": 7.266666666666667
        },
        {
          "date": "2023-02-28",
          "price": 1.05,
          "unitPrice": 7
        },
        {
          "date": "2022-12-15",
          "price": 0.99,
          "unitPrice": 6.6
        },
        {
          "date": "2022-10-13",
          "price": 0.89,
          "unitPrice": 5.933333333333333
        },
        {
          "date": "2022-10-11",
          "price": 0.99,
          "unitPrice": 6.6
        },
        {
          "date": "2019-12-19",
          "price": 0.85,
          "unitPrice": 5.666666666666666
        },
        {
          "date": "2018-02-28",
          "price": 0.75,
          "unitPrice": 5
        }
      ],
      "isWeighted": false,
      "unit": "g",
      "quantity": 150,
      "bio": false,
      "url": "",
      "search": "clever fleischschmalz 150 g"
    },
    {
      "store": "spar",
      "id": "7229107",
      "name": "S-BUDGET Fleischschmalz",
      "category": "57",
      "unavailable": false,
      "price": 1.09,
      "priceHistory": [
        {
          "date": "2023-06-20",
          "price": 1.09,
          "unitPrice": 7.266666666666667
        },
        {
          "date": "2023-02-28",
          "price": 1.05,
          "unitPrice": 7
        },
        {
          "date": "2022-12-21",
          "price": 0.99,
          "unitPrice": 6.6
        },
        {
          "date": "2022-09-30",
          "price": 0.89,
          "unitPrice": 5.933333333333333
        },
        {
          "date": "2022-03-16",
          "price": 0.83,
          "unitPrice": 5.533333333333333
        },
        {
          "date": "2021-07-28",
          "price": 0.75,
          "unitPrice": 5
        },
        {
          "date": "2019-12-18",
          "price": 0.85,
          "unitPrice": 5.666666666666666
        },
        {
          "date": "2018-11-14",
          "price": 0.75,
          "unitPrice": 5
        },
        {
          "date": "2017-04-20",
          "price": 0.69,
          "unitPrice": 4.6
        }
      ],
      "isWeighted": false,
      "unit": "g",
      "quantity": 150,
      "bio": false,
      "url": "",
      "search": "s-budget fleischschmalz 150 g"
    },
    {
      "store": "billa",
      "id": "00-886677",
      "name": "Clever Frischkäse Kren",
      "category": "33",
      "unavailable": false,
      "price": 1.25,
      "priceHistory": [
        {
          "date": "2022-11-17",
          "price": 1.25,
          "unitPrice": 8.333333333333334
        },
        {
          "date": "2022-09-26",
          "price": 1.15,
          "unitPrice": 7.666666666666666
        },
        {
          "date": "2022-06-02",
          "price": 0.99,
          "unitPrice": 6.6
        },
        {
          "date": "2021-10-22",
          "price": 0.79,
          "unitPrice": 5.266666666666667
        },
        {
          "date": "2021-04-07",
          "price": 0.65,
          "unitPrice": 4.333333333333333
        },
        {
          "date": "2020-12-17",
          "price": 0.79,
          "unitPrice": 5.266666666666667
        },
        {
          "date": "2020-09-03",
          "price": 0.69,
          "unitPrice": 4.6
        },
        {
          "date": "2020-08-27",
          "price": 0.79,
          "unitPrice": 5.266666666666667
        },
        {
          "date": "2020-05-07",
          "price": 0.69,
          "unitPrice": 4.6
        },
        {
          "date": "2020-04-10",
          "price": 0.89,
          "unitPrice": 5.933333333333333
        },
        {
          "date": "2020-01-09",
          "price": 0.79,
          "unitPrice": 5.266666666666667
        },
        {
          "date": "2018-12-15",
          "price": 0.89,
          "unitPrice": 5.933333333333333
        },
        {
          "date": "2018-10-02",
          "price": 0.95,
          "unitPrice": 6.333333333333333
        },
        {
          "date": "2018-06-13",
          "price": 0.89,
          "unitPrice": 5.933333333333333
        }
      ],
      "isWeighted": false,
      "unit": "g",
      "quantity": 150,
      "bio": false,
      "url": "",
      "search": "clever frischkäse kren 150 g"
    },
    {
      "store": "spar",
      "id": "2020001176564",
      "name": "S-BUDGET Frischkäsezubereitung Kren",
      "category": "33",
      "unavailable": false,
      "price": 1.25,
      "priceHistory": [
        {
          "date": "2022-11-08",
          "price": 1.25,
          "unitPrice": 8.333333333333334
        },
        {
          "date": "2022-10-11",
          "price": 1.15,
          "unitPrice": 7.666666666666666
        },
        {
          "date": "2022-09-30",
          "price": 0.99,
          "unitPrice": 6.6
        },
        {
          "date": "2021-10-13",
          "price": 0.79,
          "unitPrice": 5.266666666666667
        },
        {
          "date": "2021-04-07",
          "price": 0.65,
          "unitPrice": 4.333333333333333
        },
        {
          "date": "2021-04-01",
          "price": 0.79,
          "unitPrice": 5.266666666666667
        },
        {
          "date": "2020-05-13",
          "price": 0.69,
          "unitPrice": 4.6
        },
        {
          "date": "2020-04-01",
          "price": 0.89,
          "unitPrice": 5.933333333333333
        },
        {
          "date": "2019-10-26",
          "price": 0.79,
          "unitPrice": 5.266666666666667
        },
        {
          "date": "2019-01-12",
          "price": 0.89,
          "unitPrice": 5.933333333333333
        },
        {
          "date": "2018-10-16",
          "price": 0.95,
          "unitPrice": 6.333333333333333
        },
        {
          "date": "2018-02-15",
          "price": 0.89,
          "unitPrice": 5.933333333333333
        },
        {
          "date": "2017-10-15",
          "price": 0.99,
          "unitPrice": 6.6
        },
        {
          "date": "2017-04-20",
          "price": 0.89,
          "unitPrice": 5.933333333333333
        }
      ],
      "isWeighted": false,
      "unit": "g",
      "quantity": 150,
      "bio": false,
      "url": "",
      "search": "s-budget frischkäsezubereitung kren 150 g"
    },
    {
      "store": "billa",
      "id": "00-886678",
      "name": "Clever Frischkäse Kräuter",
      "category": "33",
      "unavailable": false,
      "price": 1.25,
      "priceHistory": [
        {
          "date": "2022-11-17",
          "price": 1.25,
          "unitPrice": 8.333333333333334
        },
        {
          "date": "2022-09-26",
          "price": 1.15,
          "unitPrice": 7.666666666666666
        },
        {
          "date": "2022-06-02",
          "price": 0.99,
          "unitPrice": 6.6
        },
        {
          "date": "2021-10-22",
          "price": 0.79,
          "unitPrice": 5.266666666666667
        },
        {
          "date": "2021-04-07",
          "price": 0.65,
          "unitPrice": 4.333333333333333
        },
        {
          "date": "2020-12-17",
          "price": 0.79,
          "unitPrice": 5.266666666666667
        },
        {
          "date": "2020-09-03",
          "price": 0.69,
          "unitPrice": 4.6
        },
        {
          "date": "2020-08-27",
          "price": 0.79,
          "unitPrice": 5.266666666666667
        },
        {
          "date": "2020-05-07",
          "price": 0.69,
          "unitPrice": 4.6
        },
        {
          "date": "2020-04-10",
          "price": 0.89,
          "unitPrice": 5.933333333333333
        },
        {
          "date": "2020-01-09",
          "price": 0.79,
          "unitPrice": 5.266666666666667
        },
        {
          "date": "2018-12-15",
          "price": 0.89,
          "unitPrice": 5.933333333333333
        },
        {
          "date": "2018-10-02",
          "price": 0.95,
          "unitPrice": 6.333333333333333
        },
        {
          "date": "2018-06-13",
          "price": 0.89,
          "unitPrice": 5.933333333333333
        }
      ],
      "isWeighted": false,
      "unit": "g",
      "quantity": 150,
      "bio": false,
      "url": "",
      "search": "clever frischkäse kräuter 150 g"
    },
    {
      "store": "spar",
      "id": "2020001177424",
      "name": "S-BUDGET Frischkäsezubereitung Kräuter",
      "category": "33",
      "unavailable": false,
      "price": 1.25,
      "priceHistory": [
        {
          "date": "2022-11-08",
          "price": 1.25,
          "unitPrice": 8.333333333333334
        },
        {
          "date": "2022-10-11",
          "price": 1.15,
          "unitPrice": 7.666666666666666
        },
        {
          "date": "2022-09-30",
          "price": 0.99,
          "unitPrice": 6.6
        },
        {
          "date": "2021-10-13",
          "price": 0.79,
          "unitPrice": 5.266666666666667
        },
        {
          "date": "2021-04-07",
          "price": 0.65,
          "unitPrice": 4.333333333333333
        },
        {
          "date": "2021-04-01",
          "price": 0.79,
          "unitPrice": 5.266666666666667
        },
        {
          "date": "2020-05-13",
          "price": 0.69,
          "unitPrice": 4.6
        },
        {
          "date": "2020-04-01",
          "price": 0.89,
          "unitPrice": 5.933333333333333
        },
        {
          "date": "2019-10-26",
          "price": 0.79,
          "unitPrice": 5.266666666666667
        },
        {
          "date": "2019-01-12",
          "price": 0.89,
          "unitPrice": 5.933333333333333
        },
        {
          "date": "2018-10-16",
          "price": 0.95,
          "unitPrice": 6.333333333333333
        },
        {
          "date": "2018-02-15",
          "price": 0.89,
          "unitPrice": 5.933333333333333
        },
        {
          "date": "2017-10-15",
          "price": 0.99,
          "unitPrice": 6.6
        },
        {
          "date": "2017-04-20",
          "price": 0.89,
          "unitPrice": 5.933333333333333
        }
      ],
      "isWeighted": false,
      "unit": "g",
      "quantity": 150,
      "bio": false,
      "url": "",
      "search": "s-budget frischkäsezubereitung kräuter 150 g"
    },
    {
      "store": "billa",
      "id": "00-896516",
      "name": "Clever Fruchtschnitte Waldfrucht",
      "category": "5A",
      "unavailable": false,
      "price": 1.39,
      "priceHistory": [
        {
          "date": "2023-04-15",
          "price": 1.39,
          "unitPrice": 9.266666666666666
        },
        {
          "date": "2023-01-17",
          "price": 1.29,
          "unitPrice": 8.6
        },
        {
          "date": "2022-05-17",
          "price": 1.15,
          "unitPrice": 7.666666666666666
        },
        {
          "date": "2021-11-27",
          "price": 0.99,
          "unitPrice": 6.6
        },
        {
          "date": "2021-11-25",
          "price": 0.74,
          "unitPrice": 4.933333333333333
        },
        {
          "date": "2019-02-14",
          "price": 0.99,
          "unitPrice": 6.6
        },
        {
          "date": "2019-01-24",
          "price": 1.09,
          "unitPrice": 7.266666666666667
        },
        {
          "date": "2017-04-05",
          "price": 0.99,
          "unitPrice": 6.6
        }
      ],
      "isWeighted": false,
      "unit": "g",
      "quantity": 150,
      "bio": false,
      "url": "",
      "search": "clever fruchtschnitte waldfrucht 150 g"
    },
    {
      "store": "spar",
      "id": "2020003687259",
      "name": "S-BUDGET Obstriegel Waldfrucht-Geschmack 5 x 30G",
      "category": "64",
      "unavailable": false,
      "price": 1.39,
      "priceHistory": [
        {
          "date": "2023-05-15",
          "price": 1.39,
          "unitPrice": 9.266666666666666
        },
        {
          "date": "2023-04-05",
          "price": 1.29,
          "unitPrice": 8.6
        },
        {
          "date": "2022-12-13",
          "price": 1.49,
          "unitPrice": 9.933333333333334
        },
        {
          "date": "2022-10-11",
          "price": 1.15,
          "unitPrice": 7.666666666666666
        },
        {
          "date": "2021-05-20",
          "price": 0.99,
          "unitPrice": 6.6
        }
      ],
      "isWeighted": false,
      "unit": "g",
      "quantity": 150,
      "bio": false,
      "url": "",
      "search": "s-budget obstriegel waldfrucht-geschmack 5 x 30g 150 g"
    },
    {
      "store": "billa",
      "id": "00-960630",
      "name": "Clever Früchte Müsli 32% Fruchtanteil",
      "category": "5A",
      "unavailable": false,
      "price": 2.09,
      "priceHistory": [
        {
          "date": "2023-05-13",
          "price": 2.09,
          "unitPrice": 2.09
        },
        {
          "date": "2023-02-02",
          "price": 2.29,
          "unitPrice": 2.29
        },
        {
          "date": "2022-10-06",
          "price": 2.09,
          "unitPrice": 2.09
        },
        {
          "date": "2022-09-26",
          "price": 1.99,
          "unitPrice": 1.99
        },
        {
          "date": "2022-01-31",
          "price": 1.79,
          "unitPrice": 1.79
        },
        {
          "date": "2018-10-31",
          "price": 1.69,
          "unitPrice": 1.69
        }
      ],
      "isWeighted": false,
      "unit": "g",
      "quantity": 1000,
      "bio": false,
      "url": "",
      "search": "clever früchte müsli 32% fruchtanteil 1000 g"
    },
    {
      "store": "spar",
      "id": "7498534",
      "name": "S-BUDGET Vollkorn Müsli Früchte",
      "category": "56",
      "unavailable": false,
      "price": 2.09,
      "priceHistory": [
        {
          "date": "2023-05-15",
          "price": 2.09,
          "unitPrice": 2.09
        },
        {
          "date": "2023-02-28",
          "price": 2.29,
          "unitPrice": 2.29
        },
        {
          "date": "2023-01-31",
          "price": 2.19,
          "unitPrice": 2.19
        },
        {
          "date": "2022-11-01",
          "price": 2.09,
          "unitPrice": 2.09
        },
        {
          "date": "2022-09-30",
          "price": 1.99,
          "unitPrice": 1.99
        },
        {
          "date": "2022-01-19",
          "price": 1.79,
          "unitPrice": 1.79
        },
        {
          "date": "2017-04-20",
          "price": 1.69,
          "unitPrice": 1.69
        }
      ],
      "isWeighted": false,
      "unit": "g",
      "quantity": 1000,
      "bio": false,
      "url": "",
      "search": "s-budget vollkorn müsli früchte 1000 g"
    },
    {
      "store": "billa",
      "id": "00-379583",
      "name": "Clever Fusilli",
      "category": "5B",
      "unavailable": true,
      "price": 1.49,
      "priceHistory": [
        {
          "date": "2022-09-29",
          "price": 1.49,
          "unitPrice": 1.49
        },
        {
          "date": "2021-11-11",
          "price": 1.19,
          "unitPrice": 1.19
        },
        {
          "date": "2021-10-01",
          "price": 0.99,
          "unitPrice": 0.99
        },
        {
          "date": "2020-09-16",
          "price": 0.78,
          "unitPrice": 0.78
        }
      ],
      "isWeighted": false,
      "unit": "g",
      "quantity": 1000,
      "bio": false,
      "url": "",
      "search": "clever fusilli 1000 g"
    },
    {
      "store": "spar",
      "id": "6483777",
      "name": "S-BUDGET Fusilli",
      "category": "5B",
      "unavailable": false,
      "price": 1.49,
      "priceHistory": [
        {
          "date": "2022-11-02",
          "price": 1.49,
          "unitPrice": 1.49
        },
        {
          "date": "2022-09-30",
          "price": 1.39,
          "unitPrice": 1.39
        },
        {
          "date": "2022-04-29",
          "price": 1.29,
          "unitPrice": 1.29
        },
        {
          "date": "2021-11-04",
          "price": 1.19,
          "unitPrice": 1.19
        },
        {
          "date": "2021-09-29",
          "price": 0.99,
          "unitPrice": 0.99
        },
        {
          "date": "2018-01-31",
          "price": 0.78,
          "unitPrice": 0.78
        },
        {
          "date": "2018-01-26",
          "price": 0.84,
          "unitPrice": 0.84
        },
        {
          "date": "2017-12-08",
          "price": 0.78,
          "unitPrice": 0.78
        },
        {
          "date": "2017-04-20",
          "price": 0.84,
          "unitPrice": 0.84
        }
      ],
      "isWeighted": false,
      "unit": "g",
      "quantity": 1000,
      "bio": false,
      "url": "",
      "search": "s-budget fusilli 1000 g"
    },
    {
      "store": "billa",
      "id": "00-699664",
      "name": "Clever Gebäckstangen Käse",
      "category": "63",
      "unavailable": false,
      "price": 1.49,
      "priceHistory": [
        {
          "date": "2022-05-26",
          "price": 1.49,
          "unitPrice": 9.933333333333334
        },
        {
          "date": "2021-12-16",
          "price": 1.39,
          "unitPrice": 9.266666666666666
        },
        {
          "date": "2021-07-15",
          "price": 1.19,
          "unitPrice": 7.933333333333332
        },
        {
          "date": "2020-01-02",
          "price": 1.29,
          "unitPrice": 8.6
        },
        {
          "date": "2019-10-24",
          "price": 1.39,
          "unitPrice": 9.266666666666666
        },
        {
          "date": "2019-06-06",
          "price": 1.29,
          "unitPrice": 8.6
        },
        {
          "date": "2017-10-12",
          "price": 1.19,
          "unitPrice": 7.933333333333332
        },
        {
          "date": "2017-04-05",
          "price": 0.98,
          "unitPrice": 6.533333333333333
        }
      ],
      "isWeighted": false,
      "unit": "g",
      "quantity": 150,
      "bio": false,
      "url": "",
      "search": "clever gebäckstangen käse 150 g"
    },
    {
      "store": "spar",
      "id": "1712193",
      "name": "S-BUDGET Snack Sticks Käse",
      "category": "63",
      "unavailable": false,
      "price": 1.49,
      "priceHistory": [
        {
          "date": "2022-11-29",
          "price": 1.49,
          "unitPrice": 9.933333333333334
        },
        {
          "date": "2022-09-30",
          "price": 1.19,
          "unitPrice": 7.933333333333332
        },
        {
          "date": "2021-12-29",
          "price": 1.39,
          "unitPrice": 9.266666666666666
        },
        {
          "date": "2021-06-10",
          "price": 1.19,
          "unitPrice": 7.933333333333332
        },
        {
          "date": "2019-10-23",
          "price": 1.29,
          "unitPrice": 8.6
        },
        {
          "date": "2017-11-10",
          "price": 1.19,
          "unitPrice": 7.933333333333332
        },
        {
          "date": "2017-04-20",
          "price": 0.98,
          "unitPrice": 6.533333333333333
        }
      ],
      "isWeighted": false,
      "unit": "g",
      "quantity": 150,
      "bio": false,
      "url": "",
      "search": "s-budget snack sticks käse 150 g"
    },
    {
      "store": "billa",
      "id": "00-356300",
      "name": "Clever Gemüsemais 3er Pack",
      "category": "57",
      "unavailable": false,
      "price": 1.99,
      "priceHistory": [
        {
          "date": "2022-07-27",
          "price": 1.99,
          "unitPrice": 4.4222222222222225
        }
      ],
      "isWeighted": false,
      "unit": "g",
      "quantity": 450,
      "bio": false,
      "url": "",
      "search": "clever gemüsemais 3er pack 450 g"
    },
    {
      "store": "spar",
      "id": "2020001301560",
      "name": "S-BUDGET Gemüsemais 3 x 150g",
      "category": "57",
      "unavailable": false,
      "price": 1.99,
      "priceHistory": [
        {
          "date": "2022-09-30",
          "price": 1.99,
          "unitPrice": 4.4222222222222225
        },
        {
          "date": "2022-02-09",
          "price": 1.75,
          "unitPrice": 3.888888888888889
        },
        {
          "date": "2021-10-20",
          "price": 1.59,
          "unitPrice": 3.5333333333333337
        },
        {
          "date": "2021-08-19",
          "price": 1.49,
          "unitPrice": 3.311111111111111
        },
        {
          "date": "2018-05-24",
          "price": 1.39,
          "unitPrice": 3.088888888888889
        },
        {
          "date": "2017-12-29",
          "price": 1.49,
          "unitPrice": 3.311111111111111
        },
        {
          "date": "2017-04-20",
          "price": 1.39,
          "unitPrice": 3.088888888888889
        }
      ],
      "isWeighted": false,
      "unit": "g",
      "quantity": 450,
      "bio": false,
      "url": "",
      "search": "s-budget gemüsemais 3 x 150g 450 g"
    },
    {
      "store": "billa",
      "id": "00-274510",
      "name": "Clever Geschälte Tomaten",
      "category": "57",
      "unavailable": false,
      "price": 0.55,
      "priceHistory": [
        {
          "date": "2023-02-07",
          "price": 0.55,
          "unitPrice": 1.3750000000000002
        },
        {
          "date": "2021-07-31",
          "price": 0.39,
          "unitPrice": 0.9750000000000001
        },
        {
          "date": "2021-04-07",
          "price": 0.35,
          "unitPrice": 0.8749999999999999
        },
        {
          "date": "2020-11-12",
          "price": 0.39,
          "unitPrice": 0.9750000000000001
        },
        {
          "date": "2018-04-12",
          "price": 0.33,
          "unitPrice": 0.825
        },
        {
          "date": "2018-01-30",
          "price": 0.39,
          "unitPrice": 0.9750000000000001
        },
        {
          "date": "2017-05-31",
          "price": 0.33,
          "unitPrice": 0.825
        }
      ],
      "isWeighted": false,
      "unit": "g",
      "quantity": 400,
      "bio": false,
      "url": "",
      "search": "clever geschälte tomaten 400 g"
    },
    {
      "store": "spar",
      "id": "1837797",
      "name": "S-BUDGET Tomaten geschält",
      "category": "57",
      "unavailable": false,
      "price": 0.55,
      "priceHistory": [
        {
          "date": "2023-04-28",
          "price": 0.55,
          "unitPrice": 1.3750000000000002
        },
        {
          "date": "2023-02-14",
          "price": 0.39,
          "unitPrice": 0.9750000000000001
        },
        {
          "date": "2022-12-28",
          "price": 0.55,
          "unitPrice": 1.3750000000000002
        },
        {
          "date": "2022-11-29",
          "price": 0.45,
          "unitPrice": 1.1250000000000002
        },
        {
          "date": "2022-09-30",
          "price": 0.39,
          "unitPrice": 0.9750000000000001
        },
        {
          "date": "2022-02-16",
          "price": 0.45,
          "unitPrice": 1.1250000000000002
        },
        {
          "date": "2020-10-28",
          "price": 0.39,
          "unitPrice": 0.9750000000000001
        },
        {
          "date": "2017-04-20",
          "price": 0.33,
          "unitPrice": 0.825
        }
      ],
      "isWeighted": false,
      "unit": "g",
      "quantity": 400,
      "bio": false,
      "url": "",
      "search": "s-budget tomaten geschält 400 g"
    },
    {
      "store": "billa",
      "id": "00-486890",
      "name": "Clever Gouda 45%",
      "category": "33",
      "unavailable": false,
      "price": 3.49,
      "priceHistory": [
        {
          "date": "2023-05-18",
          "price": 3.49,
          "unitPrice": 7.755555555555556
        },
        {
          "date": "2023-01-12",
          "price": 3.79,
          "unitPrice": 8.42222222222222
        },
        {
          "date": "2022-09-07",
          "price": 3.29,
          "unitPrice": 7.311111111111111
        },
        {
          "date": "2022-07-05",
          "price": 2.99,
          "unitPrice": 6.644444444444445
        },
        {
          "date": "2022-03-03",
          "price": 2.75,
          "unitPrice": 6.111111111111112
        },
        {
          "date": "2022-01-17",
          "price": 2.55,
          "unitPrice": 5.666666666666666
        },
        {
          "date": "2021-11-24",
          "price": 2.59,
          "unitPrice": 5.7555555555555555
        }
      ],
      "isWeighted": false,
      "unit": "g",
      "quantity": 450,
      "bio": false,
      "url": "",
      "search": "clever gouda 45% 450 g"
    },
    {
      "store": "spar",
      "id": "6527181",
      "name": "S-BUDGET Österreichischer Gouda 45% F.i.T.",
      "category": "33",
      "unavailable": false,
      "price": 3.49,
      "priceHistory": [
        {
          "date": "2023-05-15",
          "price": 3.49,
          "unitPrice": 7.755555555555556
        },
        {
          "date": "2023-01-13",
          "price": 3.79,
          "unitPrice": 8.42222222222222
        },
        {
          "date": "2022-09-30",
          "price": 3.29,
          "unitPrice": 7.311111111111111
        },
        {
          "date": "2022-03-09",
          "price": 2.75,
          "unitPrice": 6.111111111111112
        },
        {
          "date": "2022-02-08",
          "price": 2.79,
          "unitPrice": 6.2
        },
        {
          "date": "2022-01-12",
          "price": 2.55,
          "unitPrice": 5.666666666666666
        },
        {
          "date": "2021-09-21",
          "price": 2.59,
          "unitPrice": 5.7555555555555555
        },
        {
          "date": "2020-06-24",
          "price": 2.49,
          "unitPrice": 5.533333333333334
        },
        {
          "date": "2020-03-11",
          "price": 2.65,
          "unitPrice": 5.888888888888888
        },
        {
          "date": "2019-02-27",
          "price": 2.57,
          "unitPrice": 5.71111111111111
        },
        {
          "date": "2018-10-16",
          "price": 2.59,
          "unitPrice": 5.7555555555555555
        },
        {
          "date": "2018-03-27",
          "price": 2.49,
          "unitPrice": 5.533333333333334
        },
        {
          "date": "2017-10-03",
          "price": 2.29,
          "unitPrice": 5.0888888888888895
        },
        {
          "date": "2017-04-20",
          "price": 2.09,
          "unitPrice": 4.644444444444444
        }
      ],
      "isWeighted": false,
      "unit": "g",
      "quantity": 450,
      "bio": false,
      "url": "",
      "search": "s-budget österreichischer gouda 45% f.i.t. 450 g"
    },
    {
      "store": "billa",
      "id": "00-686337",
      "name": "Clever Grammelknödel",
      "category": "42",
      "unavailable": false,
      "price": 3.99,
      "priceHistory": [
        {
          "date": "2022-12-15",
          "price": 3.99,
          "unitPrice": 3.9900000000000007
        },
        {
          "date": "2022-04-21",
          "price": 3.79,
          "unitPrice": 3.79
        },
        {
          "date": "2022-02-24",
          "price": 3.29,
          "unitPrice": 3.29
        },
        {
          "date": "2017-04-05",
          "price": 2.99,
          "unitPrice": 2.99
        }
      ],
      "isWeighted": false,
      "unit": "g",
      "quantity": 1000,
      "bio": false,
      "url": "",
      "search": "clever grammelknödel 1000 g"
    },
    {
      "store": "spar",
      "id": "1071405",
      "name": "S-BUDGET Grammelknödel 10 Stück",
      "category": "42",
      "unavailable": false,
      "price": 3.99,
      "priceHistory": [
        {
          "date": "2023-01-10",
          "price": 3.99,
          "unitPrice": 3.9900000000000007
        },
        {
          "date": "2022-10-06",
          "price": 3.79,
          "unitPrice": 3.79
        },
        {
          "date": "2022-03-23",
          "price": 3.49,
          "unitPrice": 3.49
        },
        {
          "date": "2017-04-20",
          "price": 2.99,
          "unitPrice": 2.99
        }
      ],
      "isWeighted": false,
      "unit": "g",
      "quantity": 1000,
      "bio": false,
      "url": "",
      "search": "s-budget grammelknödel 10 stück 1000 g"
    },
    {
      "store": "billa",
      "id": "00-296470",
      "name": "Clever Großlochkäse im Stück",
      "category": "33",
      "unavailable": false,
      "price": 4.29,
      "priceHistory": [
        {
          "date": "2023-05-16",
          "price": 4.29,
          "unitPrice": 10.725
        },
        {
          "date": "2023-02-23",
          "price": 4.49,
          "unitPrice": 11.225000000000001
        },
        {
          "date": "2022-07-18",
          "price": 4.29,
          "unitPrice": 10.725
        },
        {
          "date": "2022-03-14",
          "price": 3.69,
          "unitPrice": 9.225000000000001
        },
        {
          "date": "2021-08-13",
          "price": 3.49,
          "unitPrice": 8.725
        },
        {
          "date": "2020-05-07",
          "price": 3.39,
          "unitPrice": 8.475
        },
        {
          "date": "2020-02-13",
          "price": 3.49,
          "unitPrice": 8.725
        },
        {
          "date": "2019-11-13",
          "price": 3.39,
          "unitPrice": 8.475
        }
      ],
      "isWeighted": false,
      "unit": "g",
      "quantity": 400,
      "bio": false,
      "url": "",
      "search": "clever großlochkäse im stück 400 g"
    },
    {
      "store": "spar",
      "id": "2020001195855",
      "name": "S-BUDGET Österreichischer Großlochkäse",
      "category": "33",
      "unavailable": false,
      "price": 4.29,
      "priceHistory": [
        {
          "date": "2023-05-15",
          "price": 4.29,
          "unitPrice": 10.725
        },
        {
          "date": "2023-02-22",
          "price": 4.49,
          "unitPrice": 11.225000000000001
        },
        {
          "date": "2022-09-30",
          "price": 4.29,
          "unitPrice": 10.725
        },
        {
          "date": "2022-02-08",
          "price": 3.69,
          "unitPrice": 9.225000000000001
        },
        {
          "date": "2021-08-18",
          "price": 3.49,
          "unitPrice": 8.725
        },
        {
          "date": "2018-10-16",
          "price": 3.39,
          "unitPrice": 8.475
        },
        {
          "date": "2018-03-21",
          "price": 3.29,
          "unitPrice": 8.225
        },
        {
          "date": "2017-10-03",
          "price": 3.49,
          "unitPrice": 8.725
        },
        {
          "date": "2017-06-15",
          "price": 3.29,
          "unitPrice": 8.225
        },
        {
          "date": "2017-04-20",
          "price": 3.49,
          "unitPrice": 8.725
        }
      ],
      "isWeighted": false,
      "unit": "g",
      "quantity": 400,
      "bio": false,
      "url": "",
      "search": "s-budget österreichischer großlochkäse 400 g"
    },
    {
      "store": "billa",
      "id": "00-292968",
      "name": "Clever Haferflocken Kernig",
      "category": "59",
      "unavailable": false,
      "price": 0.59,
      "priceHistory": [
        {
          "date": "2023-03-16",
          "price": 0.59,
          "unitPrice": 1.18
        },
        {
          "date": "2023-02-09",
          "price": 0.65,
          "unitPrice": 1.3
        },
        {
          "date": "2023-01-19",
          "price": 0.59,
          "unitPrice": 1.18
        }
      ],
      "isWeighted": false,
      "unit": "g",
      "quantity": 500,
      "bio": false,
      "url": "",
      "search": "clever haferflocken kernig 500 g"
    },
    {
      "store": "spar",
      "id": "7701085",
      "name": "S-BUDGET Haferflocken 500G",
      "category": "56",
      "unavailable": false,
      "price": 0.59,
      "priceHistory": [
        {
          "date": "2022-03-29",
          "price": 0.59,
          "unitPrice": 1.18
        },
        {
          "date": "2017-04-20",
          "price": 0.55,
          "unitPrice": 1.1
        }
      ],
      "isWeighted": false,
      "unit": "g",
      "quantity": 500,
      "bio": false,
      "url": "",
      "search": "s-budget haferflocken 500g 500 g"
    },
    {
      "store": "billa",
      "id": "00-746506",
      "name": "Clever Haltbar-Vollmilch 3.5%",
      "category": "34",
      "unavailable": false,
      "price": 1.09,
      "priceHistory": [
        {
          "date": "2023-04-06",
          "price": 1.09,
          "unitPrice": 1.09
        },
        {
          "date": "2023-01-09",
          "price": 1.19,
          "unitPrice": 1.19
        },
        {
          "date": "2022-05-23",
          "price": 1.09,
          "unitPrice": 1.09
        },
        {
          "date": "2022-01-03",
          "price": 0.89,
          "unitPrice": 0.89
        },
        {
          "date": "2021-08-19",
          "price": 0.85,
          "unitPrice": 0.85
        },
        {
          "date": "2020-04-21",
          "price": 0.79,
          "unitPrice": 0.79
        },
        {
          "date": "2020-01-30",
          "price": 0.85,
          "unitPrice": 0.85
        },
        {
          "date": "2018-05-07",
          "price": 0.75,
          "unitPrice": 0.75
        },
        {
          "date": "2017-11-04",
          "price": 0.85,
          "unitPrice": 0.85
        },
        {
          "date": "2017-05-11",
          "price": 0.75,
          "unitPrice": 0.75
        },
        {
          "date": "2017-04-05",
          "price": 0.69,
          "unitPrice": 0.69
        }
      ],
      "isWeighted": false,
      "unit": "ml",
      "quantity": 1000,
      "bio": false,
      "url": "",
      "search": "clever haltbar-vollmilch 3.5% 1000 ml"
    },
    {
      "store": "spar",
      "id": "1650259",
      "name": "S-BUDGET Haltbare Vollmilch 3,5% Fett",
      "category": "34",
      "unavailable": false,
      "price": 1.09,
      "priceHistory": [
        {
          "date": "2023-04-14",
          "price": 1.09,
          "unitPrice": 1.09
        },
        {
          "date": "2023-01-24",
          "price": 1.19,
          "unitPrice": 1.19
        },
        {
          "date": "2023-01-02",
          "price": 1.25,
          "unitPrice": 1.25
        },
        {
          "date": "2022-09-30",
          "price": 1.09,
          "unitPrice": 1.09
        },
        {
          "date": "2022-01-04",
          "price": 0.89,
          "unitPrice": 0.89
        },
        {
          "date": "2021-08-18",
          "price": 0.85,
          "unitPrice": 0.85
        },
        {
          "date": "2020-03-07",
          "price": 0.79,
          "unitPrice": 0.79
        },
        {
          "date": "2018-05-16",
          "price": 0.75,
          "unitPrice": 0.75
        },
        {
          "date": "2017-11-11",
          "price": 0.85,
          "unitPrice": 0.85
        },
        {
          "date": "2017-06-15",
          "price": 0.75,
          "unitPrice": 0.75
        },
        {
          "date": "2017-04-20",
          "price": 0.79,
          "unitPrice": 0.79
        }
      ],
      "isWeighted": false,
      "unit": "ml",
      "quantity": 1000,
      "bio": false,
      "url": "",
      "search": "s-budget haltbare vollmilch 3.5% fett 1000 ml"
    },
    {
      "store": "billa",
      "id": "00-746474",
      "name": "Clever Haltbarmilch 0.5%",
      "category": "34",
      "unavailable": false,
      "price": 0.99,
      "priceHistory": [
        {
          "date": "2023-04-06",
          "price": 0.99,
          "unitPrice": 0.99
        },
        {
          "date": "2023-01-09",
          "price": 1.09,
          "unitPrice": 1.09
        },
        {
          "date": "2022-05-23",
          "price": 0.99,
          "unitPrice": 0.99
        },
        {
          "date": "2022-01-03",
          "price": 0.79,
          "unitPrice": 0.79
        },
        {
          "date": "2021-08-19",
          "price": 0.75,
          "unitPrice": 0.75
        },
        {
          "date": "2020-04-21",
          "price": 0.69,
          "unitPrice": 0.69
        },
        {
          "date": "2020-01-30",
          "price": 0.75,
          "unitPrice": 0.75
        },
        {
          "date": "2018-05-07",
          "price": 0.65,
          "unitPrice": 0.65
        },
        {
          "date": "2017-11-04",
          "price": 0.75,
          "unitPrice": 0.75
        },
        {
          "date": "2017-05-11",
          "price": 0.65,
          "unitPrice": 0.65
        },
        {
          "date": "2017-04-05",
          "price": 0.59,
          "unitPrice": 0.59
        }
      ],
      "isWeighted": false,
      "unit": "ml",
      "quantity": 1000,
      "bio": false,
      "url": "",
      "search": "clever haltbarmilch 0.5% 1000 ml"
    },
    {
      "store": "spar",
      "id": "4813538",
      "name": "S-BUDGET Haltbare Magermilch 0,5% Fett",
      "category": "34",
      "unavailable": false,
      "price": 0.99,
      "priceHistory": [
        {
          "date": "2023-04-14",
          "price": 0.99,
          "unitPrice": 0.99
        },
        {
          "date": "2023-01-24",
          "price": 1.09,
          "unitPrice": 1.09
        },
        {
          "date": "2023-01-02",
          "price": 1.15,
          "unitPrice": 1.15
        },
        {
          "date": "2022-09-30",
          "price": 0.99,
          "unitPrice": 0.99
        },
        {
          "date": "2022-01-04",
          "price": 0.79,
          "unitPrice": 0.79
        },
        {
          "date": "2021-08-18",
          "price": 0.75,
          "unitPrice": 0.75
        },
        {
          "date": "2020-03-07",
          "price": 0.69,
          "unitPrice": 0.69
        },
        {
          "date": "2018-05-16",
          "price": 0.65,
          "unitPrice": 0.65
        },
        {
          "date": "2017-11-11",
          "price": 0.75,
          "unitPrice": 0.75
        },
        {
          "date": "2017-06-15",
          "price": 0.65,
          "unitPrice": 0.65
        },
        {
          "date": "2017-04-20",
          "price": 0.69,
          "unitPrice": 0.69
        }
      ],
      "isWeighted": false,
      "unit": "ml",
      "quantity": 1000,
      "bio": false,
      "url": "",
      "search": "s-budget haltbare magermilch 0.5% fett 1000 ml"
    },
    {
      "store": "billa",
      "id": "00-516386",
      "name": "Clever Heringssalat Klassisch",
      "category": "33",
      "unavailable": false,
      "price": 1.99,
      "priceHistory": [
        {
          "date": "2022-09-25",
          "price": 1.99,
          "unitPrice": 7.96
        }
      ],
      "isWeighted": false,
      "unit": "g",
      "quantity": 250,
      "bio": false,
      "url": "",
      "search": "clever heringssalat klassisch 250 g"
    },
    {
      "store": "spar",
      "id": "2020003260605",
      "name": "S-BUDGET Heringsalat Classic",
      "category": "33",
      "unavailable": false,
      "price": 1.99,
      "priceHistory": [
        {
          "date": "2022-09-30",
          "price": 1.99,
          "unitPrice": 7.96
        },
        {
          "date": "2022-01-05",
          "price": 1.79,
          "unitPrice": 7.16
        },
        {
          "date": "2021-02-09",
          "price": 1.69,
          "unitPrice": 6.76
        }
      ],
      "isWeighted": false,
      "unit": "g",
      "quantity": 250,
      "bio": false,
      "url": "",
      "search": "s-budget heringsalat classic 250 g"
    },
    {
      "store": "billa",
      "id": "00-516366",
      "name": "Clever Heringssalat Rote Rübe",
      "category": "33",
      "unavailable": false,
      "price": 1.99,
      "priceHistory": [
        {
          "date": "2022-06-28",
          "price": 1.99,
          "unitPrice": 7.96
        },
        {
          "date": "2022-06-08",
          "price": 1.79,
          "unitPrice": 7.16
        }
      ],
      "isWeighted": false,
      "unit": "g",
      "quantity": 250,
      "bio": false,
      "url": "",
      "search": "clever heringssalat rote rübe 250 g"
    },
    {
      "store": "spar",
      "id": "2020003260728",
      "name": "S-BUDGET Heringsalat Rote Rübe",
      "category": "33",
      "unavailable": false,
      "price": 1.99,
      "priceHistory": [
        {
          "date": "2022-09-30",
          "price": 1.99,
          "unitPrice": 7.96
        },
        {
          "date": "2022-01-05",
          "price": 1.79,
          "unitPrice": 7.16
        },
        {
          "date": "2021-02-09",
          "price": 1.69,
          "unitPrice": 6.76
        }
      ],
      "isWeighted": false,
      "unit": "g",
      "quantity": 250,
      "bio": false,
      "url": "",
      "search": "s-budget heringsalat rote rübe 250 g"
    },
    {
      "store": "billa",
      "id": "00-703950",
      "name": "Clever Heringssalat mit Senf",
      "category": "33",
      "unavailable": false,
      "price": 1.99,
      "priceHistory": [
        {
          "date": "2023-02-01",
          "price": 1.99,
          "unitPrice": 7.96
        }
      ],
      "isWeighted": false,
      "unit": "g",
      "quantity": 250,
      "bio": false,
      "url": "",
      "search": "clever heringssalat mit senf 250 g"
    },
    {
      "store": "spar",
      "id": "2020003260681",
      "name": "S-BUDGET Heringsalat Senf",
      "category": "33",
      "unavailable": false,
      "price": 1.99,
      "priceHistory": [
        {
          "date": "2022-09-30",
          "price": 1.99,
          "unitPrice": 7.96
        },
        {
          "date": "2022-01-05",
          "price": 1.79,
          "unitPrice": 7.16
        },
        {
          "date": "2021-02-09",
          "price": 1.69,
          "unitPrice": 6.76
        }
      ],
      "isWeighted": false,
      "unit": "g",
      "quantity": 250,
      "bio": false,
      "url": "",
      "search": "s-budget heringsalat senf 250 g"
    },
    {
      "store": "billa",
      "id": "00-567069",
      "name": "Clever Hirtenkäse",
      "category": "33",
      "unavailable": false,
      "price": 7.99,
      "priceHistory": [
        {
          "date": "2022-11-09",
          "price": 7.99,
          "unitPrice": 7.99
        }
      ],
      "isWeighted": false,
      "unit": "g",
      "quantity": 1000,
      "bio": false,
      "url": "",
      "search": "clever hirtenkäse 1000 g"
    },
    {
      "store": "spar",
      "id": "2020002818739",
      "name": "S-BUDGET Hirtenkäse Dose",
      "category": "33",
      "unavailable": false,
      "price": 7.99,
      "priceHistory": [
        {
          "date": "2022-11-08",
          "price": 7.99,
          "unitPrice": 7.99
        },
        {
          "date": "2022-09-30",
          "price": 6.99,
          "unitPrice": 6.99
        },
        {
          "date": "2020-11-26",
          "price": 5.99,
          "unitPrice": 5.99
        }
      ],
      "isWeighted": false,
      "unit": "g",
      "quantity": 1000,
      "bio": false,
      "url": "",
      "search": "s-budget hirtenkäse dose 1000 g"
    },
    {
      "store": "billa",
      "id": "00-451145",
      "name": "Clever Hirtenkäse",
      "category": "33",
      "unavailable": true,
      "price": 1.99,
      "priceHistory": [
        {
          "date": "2022-12-13",
          "price": 1.99,
          "unitPrice": 7.96
        },
        {
          "date": "2022-06-30",
          "price": 1.79,
          "unitPrice": 7.16
        },
        {
          "date": "2022-01-27",
          "price": 1.49,
          "unitPrice": 5.96
        },
        {
          "date": "2021-02-03",
          "price": 1.39,
          "unitPrice": 5.56
        }
      ],
      "isWeighted": false,
      "unit": "g",
      "quantity": 250,
      "bio": false,
      "url": "",
      "search": "clever hirtenkäse 250 g"
    },
    {
      "store": "spar",
      "id": "2020002781453",
      "name": "S-BUDGET Hirtenkäse",
      "category": "33",
      "unavailable": false,
      "price": 1.99,
      "priceHistory": [
        {
          "date": "2022-12-06",
          "price": 1.99,
          "unitPrice": 7.96
        },
        {
          "date": "2022-09-30",
          "price": 1.79,
          "unitPrice": 7.16
        },
        {
          "date": "2022-01-26",
          "price": 1.49,
          "unitPrice": 5.96
        },
        {
          "date": "2019-01-12",
          "price": 1.39,
          "unitPrice": 5.56
        }
      ],
      "isWeighted": false,
      "unit": "g",
      "quantity": 250,
      "bio": false,
      "url": "",
      "search": "s-budget hirtenkäse 250 g"
    },
    {
      "store": "billa",
      "id": "00-771951",
      "name": "Clever Jagdwurst Aufstrich",
      "category": "57",
      "unavailable": false,
      "price": 1.09,
      "priceHistory": [
        {
          "date": "2023-06-22",
          "price": 1.09,
          "unitPrice": 7.266666666666667
        },
        {
          "date": "2023-02-28",
          "price": 1.05,
          "unitPrice": 7
        },
        {
          "date": "2022-12-15",
          "price": 0.99,
          "unitPrice": 6.6
        },
        {
          "date": "2022-10-18",
          "price": 0.89,
          "unitPrice": 5.933333333333333
        },
        {
          "date": "2019-12-19",
          "price": 0.85,
          "unitPrice": 5.666666666666666
        },
        {
          "date": "2017-10-26",
          "price": 0.75,
          "unitPrice": 5
        },
        {
          "date": "2017-04-05",
          "price": 0.69,
          "unitPrice": 4.6
        }
      ],
      "isWeighted": false,
      "unit": "g",
      "quantity": 150,
      "bio": false,
      "url": "",
      "search": "clever jagdwurst aufstrich 150 g"
    },
    {
      "store": "spar",
      "id": "7229091",
      "name": "S-BUDGET Jagdwurst",
      "category": "57",
      "unavailable": false,
      "price": 1.09,
      "priceHistory": [
        {
          "date": "2023-06-20",
          "price": 1.09,
          "unitPrice": 7.266666666666667
        },
        {
          "date": "2023-02-28",
          "price": 1.05,
          "unitPrice": 7
        },
        {
          "date": "2022-12-21",
          "price": 0.99,
          "unitPrice": 6.6
        },
        {
          "date": "2022-09-30",
          "price": 0.89,
          "unitPrice": 5.933333333333333
        },
        {
          "date": "2022-03-16",
          "price": 0.83,
          "unitPrice": 5.533333333333333
        },
        {
          "date": "2021-07-28",
          "price": 0.75,
          "unitPrice": 5
        },
        {
          "date": "2019-12-18",
          "price": 0.85,
          "unitPrice": 5.666666666666666
        },
        {
          "date": "2018-11-14",
          "price": 0.75,
          "unitPrice": 5
        },
        {
          "date": "2017-04-20",
          "price": 0.69,
          "unitPrice": 4.6
        }
      ],
      "isWeighted": false,
      "unit": "g",
      "quantity": 150,
      "bio": false,
      "url": "",
      "search": "s-budget jagdwurst 150 g"
    },
    {
      "store": "billa",
      "id": "00-668140",
      "name": "Clever Joghurt Natur 3.6%",
      "category": "34",
      "unavailable": false,
      "price": 0.39,
      "priceHistory": [
        {
          "date": "2023-04-06",
          "price": 0.39,
          "unitPrice": 1.56
        },
        {
          "date": "2022-12-15",
          "price": 0.45,
          "unitPrice": 1.8
        },
        {
          "date": "2022-06-02",
          "price": 0.39,
          "unitPrice": 1.56
        },
        {
          "date": "2022-02-28",
          "price": 0.35,
          "unitPrice": 1.4
        },
        {
          "date": "2022-02-03",
          "price": 0.29,
          "unitPrice": 1.16
        },
        {
          "date": "2021-11-18",
          "price": 0.33,
          "unitPrice": 1.32
        },
        {
          "date": "2021-11-08",
          "price": 0.29,
          "unitPrice": 1.16
        },
        {
          "date": "2021-09-30",
          "price": 0.31,
          "unitPrice": 1.24
        },
        {
          "date": "2020-12-10",
          "price": 0.29,
          "unitPrice": 1.16
        },
        {
          "date": "2020-01-30",
          "price": 0.37,
          "unitPrice": 1.48
        },
        {
          "date": "2018-10-06",
          "price": 0.35,
          "unitPrice": 1.4
        },
        {
          "date": "2018-05-07",
          "price": 0.33,
          "unitPrice": 1.32
        },
        {
          "date": "2017-08-04",
          "price": 0.35,
          "unitPrice": 1.4
        },
        {
          "date": "2017-04-05",
          "price": 0.33,
          "unitPrice": 1.32
        }
      ],
      "isWeighted": false,
      "unit": "g",
      "quantity": 250,
      "bio": false,
      "url": "",
      "search": "clever joghurt natur 3.6% 250 g"
    },
    {
      "store": "spar",
      "id": "2020000586715",
      "name": "S-BUDGET Naturjogurt 3,6% Fett",
      "category": "34",
      "unavailable": false,
      "price": 0.39,
      "priceHistory": [
        {
          "date": "2023-04-14",
          "price": 0.39,
          "unitPrice": 1.56
        },
        {
          "date": "2022-11-17",
          "price": 0.45,
          "unitPrice": 1.8
        },
        {
          "date": "2022-09-30",
          "price": 0.39,
          "unitPrice": 1.56
        },
        {
          "date": "2022-02-20",
          "price": 0.35,
          "unitPrice": 1.4
        },
        {
          "date": "2022-02-02",
          "price": 0.33,
          "unitPrice": 1.32
        },
        {
          "date": "2021-11-03",
          "price": 0.29,
          "unitPrice": 1.16
        },
        {
          "date": "2021-09-24",
          "price": 0.31,
          "unitPrice": 1.24
        },
        {
          "date": "2020-12-15",
          "price": 0.29,
          "unitPrice": 1.16
        },
        {
          "date": "2020-03-07",
          "price": 0.37,
          "unitPrice": 1.48
        },
        {
          "date": "2018-10-13",
          "price": 0.35,
          "unitPrice": 1.4
        },
        {
          "date": "2018-05-16",
          "price": 0.33,
          "unitPrice": 1.32
        },
        {
          "date": "2017-10-03",
          "price": 0.35,
          "unitPrice": 1.4
        },
        {
          "date": "2017-04-20",
          "price": 0.33,
          "unitPrice": 1.32
        }
      ],
      "isWeighted": false,
      "unit": "g",
      "quantity": 250,
      "bio": false,
      "url": "",
      "search": "s-budget naturjogurt 3.6% fett 250 g"
    },
    {
      "store": "billa",
      "id": "00-962810",
      "name": "Clever Jumbo Erdnüsse geröstet & gesalzen",
      "category": "63",
      "unavailable": false,
      "price": 2.49,
      "priceHistory": [
        {
          "date": "2023-04-15",
          "price": 2.49,
          "unitPrice": 4.98
        },
        {
          "date": "2023-01-12",
          "price": 2.79,
          "unitPrice": 5.58
        },
        {
          "date": "2022-11-19",
          "price": 2.49,
          "unitPrice": 4.98
        },
        {
          "date": "2022-11-10",
          "price": 2.29,
          "unitPrice": 4.58
        },
        {
          "date": "2022-10-21",
          "price": 2.49,
          "unitPrice": 4.98
        },
        {
          "date": "2022-07-07",
          "price": 2.29,
          "unitPrice": 4.58
        },
        {
          "date": "2022-03-24",
          "price": 2.19,
          "unitPrice": 4.38
        },
        {
          "date": "2019-01-02",
          "price": 1.99,
          "unitPrice": 3.98
        },
        {
          "date": "2018-11-29",
          "price": 2.19,
          "unitPrice": 4.38
        },
        {
          "date": "2017-11-07",
          "price": 1.99,
          "unitPrice": 3.98
        }
      ],
      "isWeighted": false,
      "unit": "g",
      "quantity": 500,
      "bio": false,
      "url": "",
      "search": "clever jumbo erdnüsse geröstet & gesalzen 500 g"
    },
    {
      "store": "spar",
      "id": "6282226",
      "name": "S-BUDGET Jumbo Erdnüsse geröstet und gesalzen",
      "category": "63",
      "unavailable": false,
      "price": 2.49,
      "priceHistory": [
        {
          "date": "2023-03-21",
          "price": 2.49,
          "unitPrice": 4.98
        },
        {
          "date": "2023-01-31",
          "price": 2.79,
          "unitPrice": 5.58
        },
        {
          "date": "2022-10-04",
          "price": 2.49,
          "unitPrice": 4.98
        },
        {
          "date": "2022-09-30",
          "price": 2.29,
          "unitPrice": 4.58
        },
        {
          "date": "2022-04-06",
          "price": 2.19,
          "unitPrice": 4.38
        },
        {
          "date": "2017-06-27",
          "price": 1.99,
          "unitPrice": 3.98
        },
        {
          "date": "2017-06-15",
          "price": 2.18,
          "unitPrice": 4.36
        },
        {
          "date": "2017-04-20",
          "price": 2.19,
          "unitPrice": 4.38
        }
      ],
      "isWeighted": false,
      "unit": "g",
      "quantity": 500,
      "bio": false,
      "url": "",
      "search": "s-budget jumbo erdnüsse geröstet und gesalzen 500 g"
    },
    {
      "store": "billa",
      "id": "00-488970",
      "name": "Clever Junge Erbsen",
      "category": "44",
      "unavailable": false,
      "price": 1.99,
      "priceHistory": [
        {
          "date": "2023-03-16",
          "price": 1.99,
          "unitPrice": 1.99
        },
        {
          "date": "2023-02-10",
          "price": 1.69,
          "unitPrice": 1.69
        },
        {
          "date": "2022-12-21",
          "price": 1.99,
          "unitPrice": 1.99
        }
      ],
      "isWeighted": false,
      "unit": "g",
      "quantity": 1000,
      "bio": false,
      "url": "",
      "search": "clever junge erbsen 1000 g"
    },
    {
      "store": "spar",
      "id": "2020001540457",
      "name": "S-BUDGET Erbsen tiefgekühlt",
      "category": "41",
      "unavailable": false,
      "price": 1.99,
      "priceHistory": [
        {
          "date": "2023-01-17",
          "price": 1.99,
          "unitPrice": 1.99
        },
        {
          "date": "2022-03-01",
          "price": 1.69,
          "unitPrice": 1.69
        },
        {
          "date": "2019-12-04",
          "price": 1.59,
          "unitPrice": 1.59
        },
        {
          "date": "2019-09-12",
          "price": 1.49,
          "unitPrice": 1.49
        },
        {
          "date": "2019-01-12",
          "price": 1.59,
          "unitPrice": 1.59
        },
        {
          "date": "2017-11-21",
          "price": 1.49,
          "unitPrice": 1.49
        }
      ],
      "isWeighted": false,
      "unit": "g",
      "quantity": 1000,
      "bio": false,
      "url": "",
      "search": "s-budget erbsen tiefgekühlt 1000 g"
    },
    {
      "store": "billa",
      "id": "00-930899",
      "name": "Clever Kakao",
      "category": "22",
      "unavailable": false,
      "price": 1.99,
      "priceHistory": [
        {
          "date": "2023-05-13",
          "price": 1.99,
          "unitPrice": 7.96
        },
        {
          "date": "2023-03-22",
          "price": 2.39,
          "unitPrice": 9.56
        },
        {
          "date": "2019-05-02",
          "price": 1.99,
          "unitPrice": 7.96
        },
        {
          "date": "2018-07-04",
          "price": 2.99,
          "unitPrice": 11.96
        }
      ],
      "isWeighted": false,
      "unit": "g",
      "quantity": 250,
      "bio": false,
      "url": "",
      "search": "clever kakao 250 g"
    },
    {
      "store": "spar",
      "id": "2020004128621",
      "name": "S-BUDGET Kakao",
      "category": "22",
      "unavailable": false,
      "price": 1.99,
      "priceHistory": [
        {
          "date": "2023-03-28",
          "price": 1.99,
          "unitPrice": 7.96
        },
        {
          "date": "2023-02-08",
          "price": 2.39,
          "unitPrice": 9.56
        },
        {
          "date": "2022-09-30",
          "price": 1.99,
          "unitPrice": 7.96
        }
      ],
      "isWeighted": false,
      "unit": "g",
      "quantity": 250,
      "bio": false,
      "url": "",
      "search": "s-budget kakao 250 g"
    },
    {
      "store": "billa",
      "id": "00-416408",
      "name": "Clever Ketchup",
      "category": "5C",
      "unavailable": false,
      "price": 1.99,
      "priceHistory": [
        {
          "date": "2022-10-06",
          "price": 1.99,
          "unitPrice": 1.4214285714285713
        },
        {
          "date": "2022-08-11",
          "price": 1.89,
          "unitPrice": 1.3499999999999999
        },
        {
          "date": "2022-08-06",
          "price": 1.85,
          "unitPrice": 1.3214285714285714
        },
        {
          "date": "2022-07-28",
          "price": 1.89,
          "unitPrice": 1.3499999999999999
        },
        {
          "date": "2022-04-18",
          "price": 1.85,
          "unitPrice": 1.3214285714285714
        },
        {
          "date": "2018-01-08",
          "price": 1.69,
          "unitPrice": 1.207142857142857
        },
        {
          "date": "2017-12-06",
          "price": 1.79,
          "unitPrice": 1.2785714285714287
        },
        {
          "date": "2017-04-05",
          "price": 1.69,
          "unitPrice": 1.207142857142857
        }
      ],
      "isWeighted": false,
      "unit": "g",
      "quantity": 1400,
      "bio": false,
      "url": "",
      "search": "clever ketchup 1400 g"
    },
    {
      "store": "spar",
      "id": "7285141",
      "name": "S-BUDGET Ketchup mild",
      "category": "5C",
      "unavailable": false,
      "price": 1.99,
      "priceHistory": [
        {
          "date": "2023-04-28",
          "price": 1.99,
          "unitPrice": 1.4214285714285713
        },
        {
          "date": "2023-02-08",
          "price": 1.89,
          "unitPrice": 1.3499999999999999
        },
        {
          "date": "2022-09-30",
          "price": 1.99,
          "unitPrice": 1.4214285714285713
        },
        {
          "date": "2022-03-30",
          "price": 1.85,
          "unitPrice": 1.3214285714285714
        },
        {
          "date": "2022-01-26",
          "price": 1.69,
          "unitPrice": 1.207142857142857
        },
        {
          "date": "2021-05-12",
          "price": 1.49,
          "unitPrice": 1.0642857142857143
        },
        {
          "date": "2017-04-20",
          "price": 1.69,
          "unitPrice": 1.207142857142857
        }
      ],
      "isWeighted": false,
      "unit": "g",
      "quantity": 1400,
      "bio": false,
      "url": "",
      "search": "s-budget ketchup mild 1400 g"
    },
    {
      "store": "billa",
      "id": "00-667019",
      "name": "Clever Knacker",
      "category": "37",
      "unavailable": false,
      "price": 3.59,
      "priceHistory": [
        {
          "date": "2022-12-02",
          "price": 3.59,
          "unitPrice": 7.977777777777778
        },
        {
          "date": "2022-10-01",
          "price": 3.29,
          "unitPrice": 7.311111111111111
        },
        {
          "date": "2022-05-12",
          "price": 2.99,
          "unitPrice": 6.644444444444445
        },
        {
          "date": "2022-02-24",
          "price": 2.69,
          "unitPrice": 5.977777777777778
        },
        {
          "date": "2020-01-16",
          "price": 2.49,
          "unitPrice": 5.533333333333334
        },
        {
          "date": "2019-05-10",
          "price": 2.29,
          "unitPrice": 5.0888888888888895
        },
        {
          "date": "2018-08-08",
          "price": 1.99,
          "unitPrice": 4.4222222222222225
        }
      ],
      "isWeighted": false,
      "unit": "g",
      "quantity": 450,
      "bio": false,
      "url": "",
      "search": "clever knacker 450 g"
    },
    {
      "store": "spar",
      "id": "7786587",
      "name": "S-BUDGET Knacker per Packung",
      "category": "37",
      "unavailable": false,
      "price": 3.59,
      "priceHistory": [
        {
          "date": "2022-12-21",
          "price": 3.59,
          "unitPrice": 7.977777777777778
        },
        {
          "date": "2022-11-01",
          "price": 3.29,
          "unitPrice": 7.311111111111111
        },
        {
          "date": "2022-09-30",
          "price": 2.99,
          "unitPrice": 6.644444444444445
        },
        {
          "date": "2022-03-25",
          "price": 2.69,
          "unitPrice": 5.977777777777778
        },
        {
          "date": "2020-01-29",
          "price": 2.49,
          "unitPrice": 5.533333333333334
        },
        {
          "date": "2019-05-22",
          "price": 2.29,
          "unitPrice": 5.0888888888888895
        },
        {
          "date": "2018-08-15",
          "price": 2.19,
          "unitPrice": 4.866666666666667
        },
        {
          "date": "2017-04-20",
          "price": 1.99,
          "unitPrice": 4.4222222222222225
        }
      ],
      "isWeighted": false,
      "unit": "g",
      "quantity": 450,
      "bio": false,
      "url": "",
      "search": "s-budget knacker per packung 450 g"
    },
    {
      "store": "billa",
      "id": "00-475392",
      "name": "Clever Knacker",
      "category": "37",
      "unavailable": false,
      "price": 3.59,
      "priceHistory": [
        {
          "date": "2023-05-16",
          "price": 3.59,
          "unitPrice": 7.977777777777778
        },
        {
          "date": "2021-06-30",
          "price": 2.49,
          "unitPrice": 5.533333333333334
        }
      ],
      "isWeighted": false,
      "unit": "g",
      "quantity": 450,
      "bio": false,
      "url": "",
      "search": "clever knacker 450 g"
    },
    {
      "store": "spar",
      "id": "7786587",
      "name": "S-BUDGET Knacker per Packung",
      "category": "37",
      "unavailable": false,
      "price": 3.59,
      "priceHistory": [
        {
          "date": "2022-12-21",
          "price": 3.59,
          "unitPrice": 7.977777777777778
        },
        {
          "date": "2022-11-01",
          "price": 3.29,
          "unitPrice": 7.311111111111111
        },
        {
          "date": "2022-09-30",
          "price": 2.99,
          "unitPrice": 6.644444444444445
        },
        {
          "date": "2022-03-25",
          "price": 2.69,
          "unitPrice": 5.977777777777778
        },
        {
          "date": "2020-01-29",
          "price": 2.49,
          "unitPrice": 5.533333333333334
        },
        {
          "date": "2019-05-22",
          "price": 2.29,
          "unitPrice": 5.0888888888888895
        },
        {
          "date": "2018-08-15",
          "price": 2.19,
          "unitPrice": 4.866666666666667
        },
        {
          "date": "2017-04-20",
          "price": 1.99,
          "unitPrice": 4.4222222222222225
        }
      ],
      "isWeighted": false,
      "unit": "g",
      "quantity": 450,
      "bio": false,
      "url": "",
      "search": "s-budget knacker per packung 450 g"
    },
    {
      "store": "billa",
      "id": "00-648579",
      "name": "Clever Käferbohnen",
      "category": "57",
      "unavailable": false,
      "price": 1.49,
      "priceHistory": [
        {
          "date": "2023-02-23",
          "price": 1.49,
          "unitPrice": 3.725
        },
        {
          "date": "2022-04-21",
          "price": 1.39,
          "unitPrice": 3.4749999999999996
        },
        {
          "date": "2019-01-16",
          "price": 1.19,
          "unitPrice": 2.9749999999999996
        }
      ],
      "isWeighted": false,
      "unit": "g",
      "quantity": 400,
      "bio": false,
      "url": "",
      "search": "clever käferbohnen 400 g"
    },
    {
      "store": "spar",
      "id": "2020001215249",
      "name": "S-BUDGET Käferbohnen",
      "category": "57",
      "unavailable": false,
      "price": 1.49,
      "priceHistory": [
        {
          "date": "2022-11-29",
          "price": 1.49,
          "unitPrice": 3.725
        },
        {
          "date": "2022-03-23",
          "price": 1.39,
          "unitPrice": 3.4749999999999996
        },
        {
          "date": "2017-04-20",
          "price": 1.19,
          "unitPrice": 2.9749999999999996
        }
      ],
      "isWeighted": false,
      "unit": "g",
      "quantity": 400,
      "bio": false,
      "url": "",
      "search": "s-budget käferbohnen 400 g"
    },
    {
      "store": "billa",
      "id": "00-931678",
      "name": "Clever Käseaufschnitt",
      "category": "33",
      "unavailable": false,
      "price": 2.19,
      "priceHistory": [
        {
          "date": "2023-05-16",
          "price": 2.19,
          "unitPrice": 8.76
        },
        {
          "date": "2022-12-14",
          "price": 2.39,
          "unitPrice": 9.56
        },
        {
          "date": "2022-11-17",
          "price": 2.19,
          "unitPrice": 8.76
        },
        {
          "date": "2022-07-18",
          "price": 1.79,
          "unitPrice": 7.16
        },
        {
          "date": "2022-06-17",
          "price": 1.49,
          "unitPrice": 5.96
        },
        {
          "date": "2022-05-19",
          "price": 1.69,
          "unitPrice": 6.76
        },
        {
          "date": "2022-01-17",
          "price": 1.49,
          "unitPrice": 5.96
        },
        {
          "date": "2021-05-06",
          "price": 1.29,
          "unitPrice": 5.16
        },
        {
          "date": "2020-08-27",
          "price": 1.49,
          "unitPrice": 5.96
        },
        {
          "date": "2020-04-15",
          "price": 1.65,
          "unitPrice": 6.6
        },
        {
          "date": "2020-01-30",
          "price": 1.69,
          "unitPrice": 6.76
        },
        {
          "date": "2020-01-09",
          "price": 1.49,
          "unitPrice": 5.96
        },
        {
          "date": "2019-09-26",
          "price": 1.65,
          "unitPrice": 6.6
        },
        {
          "date": "2019-08-31",
          "price": 1.79,
          "unitPrice": 7.16
        },
        {
          "date": "2019-05-02",
          "price": 1.65,
          "unitPrice": 6.6
        },
        {
          "date": "2018-10-02",
          "price": 1.79,
          "unitPrice": 7.16
        },
        {
          "date": "2018-05-31",
          "price": 1.68,
          "unitPrice": 6.72
        },
        {
          "date": "2018-05-09",
          "price": 1.69,
          "unitPrice": 6.76
        }
      ],
      "isWeighted": false,
      "unit": "g",
      "quantity": 250,
      "bio": false,
      "url": "",
      "search": "clever käseaufschnitt 250 g"
    },
    {
      "store": "spar",
      "id": "2020000662556",
      "name": "S-BUDGET Käse-Aufschnitt 3 Sorten",
      "category": "33",
      "unavailable": false,
      "price": 2.19,
      "priceHistory": [
        {
          "date": "2023-05-15",
          "price": 2.19,
          "unitPrice": 8.76
        },
        {
          "date": "2022-12-13",
          "price": 2.39,
          "unitPrice": 9.56
        },
        {
          "date": "2022-11-08",
          "price": 2.19,
          "unitPrice": 8.76
        },
        {
          "date": "2022-09-30",
          "price": 1.79,
          "unitPrice": 7.16
        },
        {
          "date": "2021-12-22",
          "price": 1.49,
          "unitPrice": 5.96
        },
        {
          "date": "2021-05-12",
          "price": 1.29,
          "unitPrice": 5.16
        },
        {
          "date": "2020-08-19",
          "price": 1.49,
          "unitPrice": 5.96
        },
        {
          "date": "2020-04-01",
          "price": 1.65,
          "unitPrice": 6.6
        },
        {
          "date": "2019-12-04",
          "price": 1.49,
          "unitPrice": 5.96
        },
        {
          "date": "2019-09-11",
          "price": 1.65,
          "unitPrice": 6.6
        },
        {
          "date": "2019-08-14",
          "price": 1.79,
          "unitPrice": 7.16
        },
        {
          "date": "2019-04-17",
          "price": 1.65,
          "unitPrice": 6.6
        },
        {
          "date": "2018-10-16",
          "price": 1.79,
          "unitPrice": 7.16
        },
        {
          "date": "2018-04-12",
          "price": 1.69,
          "unitPrice": 6.76
        },
        {
          "date": "2018-02-15",
          "price": 1.85,
          "unitPrice": 7.4
        },
        {
          "date": "2017-11-08",
          "price": 1.79,
          "unitPrice": 7.16
        },
        {
          "date": "2017-04-20",
          "price": 1.69,
          "unitPrice": 6.76
        }
      ],
      "isWeighted": false,
      "unit": "g",
      "quantity": 250,
      "bio": false,
      "url": "",
      "search": "s-budget käse-aufschnitt 3 sorten 250 g"
    },
    {
      "store": "billa",
      "id": "00-771957",
      "name": "Clever Leberaufstrich",
      "category": "57",
      "unavailable": false,
      "price": 1.09,
      "priceHistory": [
        {
          "date": "2023-06-22",
          "price": 1.09,
          "unitPrice": 7.266666666666667
        },
        {
          "date": "2023-02-28",
          "price": 1.05,
          "unitPrice": 7
        },
        {
          "date": "2022-12-15",
          "price": 0.99,
          "unitPrice": 6.6
        },
        {
          "date": "2022-10-13",
          "price": 0.89,
          "unitPrice": 5.933333333333333
        },
        {
          "date": "2022-10-07",
          "price": 0.99,
          "unitPrice": 6.6
        },
        {
          "date": "2019-12-19",
          "price": 0.85,
          "unitPrice": 5.666666666666666
        },
        {
          "date": "2017-10-26",
          "price": 0.75,
          "unitPrice": 5
        },
        {
          "date": "2017-04-05",
          "price": 0.69,
          "unitPrice": 4.6
        }
      ],
      "isWeighted": false,
      "unit": "g",
      "quantity": 150,
      "bio": false,
      "url": "",
      "search": "clever leberaufstrich 150 g"
    },
    {
      "store": "spar",
      "id": "7229121",
      "name": "S-BUDGET Leberaufstrich",
      "category": "57",
      "unavailable": false,
      "price": 1.09,
      "priceHistory": [
        {
          "date": "2023-06-20",
          "price": 1.09,
          "unitPrice": 7.266666666666667
        },
        {
          "date": "2023-02-28",
          "price": 1.05,
          "unitPrice": 7
        },
        {
          "date": "2022-12-21",
          "price": 0.99,
          "unitPrice": 6.6
        },
        {
          "date": "2022-09-30",
          "price": 0.89,
          "unitPrice": 5.933333333333333
        },
        {
          "date": "2022-03-16",
          "price": 0.83,
          "unitPrice": 5.533333333333333
        },
        {
          "date": "2021-07-28",
          "price": 0.75,
          "unitPrice": 5
        },
        {
          "date": "2020-02-11",
          "price": 0.85,
          "unitPrice": 5.666666666666666
        },
        {
          "date": "2018-11-14",
          "price": 0.75,
          "unitPrice": 5
        },
        {
          "date": "2017-04-20",
          "price": 0.69,
          "unitPrice": 4.6
        }
      ],
      "isWeighted": false,
      "unit": "g",
      "quantity": 150,
      "bio": false,
      "url": "",
      "search": "s-budget leberaufstrich 150 g"
    },
    {
      "store": "billa",
      "id": "00-299274",
      "name": "Clever Linzerschnitte 3er",
      "category": "13",
      "unavailable": false,
      "price": 2.29,
      "priceHistory": [
        {
          "date": "2023-01-19",
          "price": 2.29,
          "unitPrice": 10.177777777777779
        },
        {
          "date": "2022-06-15",
          "price": 1.99,
          "unitPrice": 8.844444444444445
        },
        {
          "date": "2022-02-10",
          "price": 1.79,
          "unitPrice": 7.955555555555556
        },
        {
          "date": "2021-12-31",
          "price": 1.69,
          "unitPrice": 7.511111111111111
        },
        {
          "date": "2019-10-23",
          "price": 1.49,
          "unitPrice": 6.622222222222222
        }
      ],
      "isWeighted": false,
      "unit": "g",
      "quantity": 225,
      "bio": false,
      "url": "",
      "search": "clever linzerschnitte 3er 225 g"
    },
    {
      "store": "spar",
      "id": "2020002533618",
      "name": "S-BUDGET 3 Linzerschnitten",
      "category": "12",
      "unavailable": false,
      "price": 2.29,
      "priceHistory": [
        {
          "date": "2023-01-17",
          "price": 2.29,
          "unitPrice": 10.177777777777779
        },
        {
          "date": "2022-09-30",
          "price": 1.99,
          "unitPrice": 8.844444444444445
        },
        {
          "date": "2022-02-02",
          "price": 1.79,
          "unitPrice": 7.955555555555556
        },
        {
          "date": "2018-08-15",
          "price": 1.49,
          "unitPrice": 6.622222222222222
        }
      ],
      "isWeighted": false,
      "unit": "g",
      "quantity": 225,
      "bio": false,
      "url": "",
      "search": "s-budget 3 linzerschnitten 225 g"
    },
    {
      "store": "billa",
      "id": "00-404127",
      "name": "Clever Maiskeimöl",
      "category": "53",
      "unavailable": false,
      "price": 2.79,
      "priceHistory": [
        {
          "date": "2023-06-06",
          "price": 2.79,
          "unitPrice": 2.79
        },
        {
          "date": "2023-03-16",
          "price": 2.99,
          "unitPrice": 2.99
        },
        {
          "date": "2022-12-30",
          "price": 3.19,
          "unitPrice": 3.19
        },
        {
          "date": "2022-11-29",
          "price": 2.19,
          "unitPrice": 2.19
        },
        {
          "date": "2022-06-24",
          "price": 2.25,
          "unitPrice": 2.25
        },
        {
          "date": "2022-01-31",
          "price": 1.99,
          "unitPrice": 1.99
        },
        {
          "date": "2021-10-18",
          "price": 1.89,
          "unitPrice": 1.89
        },
        {
          "date": "2018-01-08",
          "price": 1.69,
          "unitPrice": 1.69
        },
        {
          "date": "2017-12-06",
          "price": 1.89,
          "unitPrice": 1.89
        },
        {
          "date": "2017-04-05",
          "price": 1.69,
          "unitPrice": 1.69
        }
      ],
      "isWeighted": false,
      "unit": "ml",
      "quantity": 1000,
      "bio": false,
      "url": "",
      "search": "clever maiskeimöl 1000 ml"
    },
    {
      "store": "spar",
      "id": "2020003677182",
      "name": "S-BUDGET Maiskeimöl",
      "category": "53",
      "unavailable": false,
      "price": 2.79,
      "priceHistory": [
        {
          "date": "2023-06-06",
          "price": 2.79,
          "unitPrice": 2.79
        },
        {
          "date": "2023-03-14",
          "price": 2.99,
          "unitPrice": 2.99
        },
        {
          "date": "2022-09-30",
          "price": 3.19,
          "unitPrice": 3.19
        },
        {
          "date": "2022-02-09",
          "price": 2.19,
          "unitPrice": 2.19
        },
        {
          "date": "2021-10-12",
          "price": 1.89,
          "unitPrice": 1.89
        },
        {
          "date": "2021-02-06",
          "price": 1.69,
          "unitPrice": 1.69
        }
      ],
      "isWeighted": false,
      "unit": "ml",
      "quantity": 1000,
      "bio": false,
      "url": "",
      "search": "s-budget maiskeimöl 1000 ml"
    },
    {
      "store": "billa",
      "id": "00-399583",
      "name": "Clever Makrelen in Sonnenblumenöl",
      "category": "57",
      "unavailable": false,
      "price": 0.99,
      "priceHistory": [
        {
          "date": "2022-09-09",
          "price": 0.99,
          "unitPrice": 7.92
        },
        {
          "date": "2022-07-21",
          "price": 0.95,
          "unitPrice": 7.6
        },
        {
          "date": "2022-04-21",
          "price": 1.09,
          "unitPrice": 8.72
        },
        {
          "date": "2021-08-18",
          "price": 0.95,
          "unitPrice": 7.6
        }
      ],
      "isWeighted": false,
      "unit": "g",
      "quantity": 125,
      "bio": false,
      "url": "",
      "search": "clever makrelen in sonnenblumenöl 125 g"
    },
    {
      "store": "spar",
      "id": "7439353",
      "name": "S-BUDGET Makrelenfilets mit Sonnenblumenöl",
      "category": "57",
      "unavailable": false,
      "price": 0.99,
      "priceHistory": [
        {
          "date": "2022-12-21",
          "price": 0.99,
          "unitPrice": 7.92
        },
        {
          "date": "2022-09-30",
          "price": 1.09,
          "unitPrice": 8.72
        },
        {
          "date": "2021-06-02",
          "price": 0.95,
          "unitPrice": 7.6
        },
        {
          "date": "2019-11-10",
          "price": 0.99,
          "unitPrice": 7.92
        },
        {
          "date": "2019-05-01",
          "price": 0.85,
          "unitPrice": 6.8
        },
        {
          "date": "2019-02-27",
          "price": 0.99,
          "unitPrice": 7.92
        },
        {
          "date": "2017-12-29",
          "price": 0.85,
          "unitPrice": 6.8
        },
        {
          "date": "2017-06-15",
          "price": 0.75,
          "unitPrice": 6
        },
        {
          "date": "2017-04-20",
          "price": 0.79,
          "unitPrice": 6.32
        }
      ],
      "isWeighted": false,
      "unit": "g",
      "quantity": 125,
      "bio": false,
      "url": "",
      "search": "s-budget makrelenfilets mit sonnenblumenöl 125 g"
    },
    {
      "store": "billa",
      "id": "00-307034",
      "name": "Clever Mango Fruchtmolke",
      "category": "34",
      "unavailable": false,
      "price": 0.85,
      "priceHistory": [
        {
          "date": "2023-04-29",
          "price": 0.85,
          "unitPrice": 1.7
        },
        {
          "date": "2022-12-26",
          "price": 0.89,
          "unitPrice": 1.78
        },
        {
          "date": "2022-06-20",
          "price": 0.79,
          "unitPrice": 1.58
        },
        {
          "date": "2022-06-08",
          "price": 0.69,
          "unitPrice": 1.38
        },
        {
          "date": "2022-06-02",
          "price": 0.79,
          "unitPrice": 1.58
        },
        {
          "date": "2022-02-28",
          "price": 0.69,
          "unitPrice": 1.38
        },
        {
          "date": "2020-01-30",
          "price": 0.65,
          "unitPrice": 1.3
        },
        {
          "date": "2017-09-09",
          "price": 0.59,
          "unitPrice": 1.18
        },
        {
          "date": "2017-06-01",
          "price": 0.49,
          "unitPrice": 0.98
        },
        {
          "date": "2017-05-23",
          "price": 0.55,
          "unitPrice": 1.1
        },
        {
          "date": "2017-04-05",
          "price": 0.59,
          "unitPrice": 1.18
        }
      ],
      "isWeighted": false,
      "unit": "ml",
      "quantity": 500,
      "bio": false,
      "url": "",
      "search": "clever mango fruchtmolke 500 ml"
    },
    {
      "store": "spar",
      "id": "4466017",
      "name": "S-BUDGET Fruchtmolke Mango",
      "category": "34",
      "unavailable": false,
      "price": 0.85,
      "priceHistory": [
        {
          "date": "2023-04-28",
          "price": 0.85,
          "unitPrice": 1.7
        },
        {
          "date": "2022-12-29",
          "price": 0.89,
          "unitPrice": 1.78
        },
        {
          "date": "2022-09-30",
          "price": 0.79,
          "unitPrice": 1.58
        },
        {
          "date": "2022-02-23",
          "price": 0.69,
          "unitPrice": 1.38
        },
        {
          "date": "2022-02-11",
          "price": 0.68,
          "unitPrice": 1.36
        },
        {
          "date": "2020-03-07",
          "price": 0.65,
          "unitPrice": 1.3
        },
        {
          "date": "2017-11-11",
          "price": 0.59,
          "unitPrice": 1.18
        },
        {
          "date": "2017-06-20",
          "price": 0.49,
          "unitPrice": 0.98
        },
        {
          "date": "2017-04-20",
          "price": 0.59,
          "unitPrice": 1.18
        }
      ],
      "isWeighted": false,
      "unit": "ml",
      "quantity": 500,
      "bio": false,
      "url": "",
      "search": "s-budget fruchtmolke mango 500 ml"
    },
    {
      "store": "billa",
      "id": "00-425497",
      "name": "Clever Marmor Gugelhupf",
      "category": "13",
      "unavailable": false,
      "price": 2.69,
      "priceHistory": [
        {
          "date": "2023-06-01",
          "price": 2.69,
          "unitPrice": 5.38
        },
        {
          "date": "2023-01-22",
          "price": 2.59,
          "unitPrice": 5.18
        },
        {
          "date": "2022-09-26",
          "price": 2.19,
          "unitPrice": 4.38
        },
        {
          "date": "2022-08-04",
          "price": 1.99,
          "unitPrice": 3.98
        },
        {
          "date": "2022-06-30",
          "price": 1.89,
          "unitPrice": 3.78
        },
        {
          "date": "2022-06-02",
          "price": 1.99,
          "unitPrice": 3.98
        },
        {
          "date": "2022-02-03",
          "price": 1.79,
          "unitPrice": 3.58
        },
        {
          "date": "2018-12-06",
          "price": 1.69,
          "unitPrice": 3.38
        },
        {
          "date": "2017-11-04",
          "price": 1.55,
          "unitPrice": 3.1
        },
        {
          "date": "2017-10-27",
          "price": 1.59,
          "unitPrice": 3.18
        },
        {
          "date": "2017-04-05",
          "price": 1.69,
          "unitPrice": 3.38
        }
      ],
      "isWeighted": false,
      "unit": "g",
      "quantity": 500,
      "bio": false,
      "url": "",
      "search": "clever marmor gugelhupf 500 g"
    },
    {
      "store": "spar",
      "id": "7082276",
      "name": "S-BUDGET Marmor-Gugelhupf",
      "category": "12",
      "unavailable": false,
      "price": 2.69,
      "priceHistory": [
        {
          "date": "2023-01-10",
          "price": 2.69,
          "unitPrice": 5.38
        },
        {
          "date": "2022-09-30",
          "price": 2.29,
          "unitPrice": 4.58
        },
        {
          "date": "2022-01-16",
          "price": 1.79,
          "unitPrice": 3.58
        },
        {
          "date": "2019-01-12",
          "price": 1.69,
          "unitPrice": 3.38
        },
        {
          "date": "2017-11-08",
          "price": 1.55,
          "unitPrice": 3.1
        },
        {
          "date": "2017-04-20",
          "price": 1.69,
          "unitPrice": 3.38
        }
      ],
      "isWeighted": false,
      "unit": "g",
      "quantity": 500,
      "bio": false,
      "url": "",
      "search": "s-budget marmor-gugelhupf 500 g"
    },
    {
      "store": "billa",
      "id": "00-397814",
      "name": "Clever Marmorkuchen",
      "category": "13",
      "unavailable": false,
      "price": 1.89,
      "priceHistory": [
        {
          "date": "2022-12-01",
          "price": 1.89,
          "unitPrice": 4.725
        },
        {
          "date": "2022-09-26",
          "price": 1.69,
          "unitPrice": 4.225
        },
        {
          "date": "2022-06-30",
          "price": 1.49,
          "unitPrice": 3.725
        },
        {
          "date": "2022-06-14",
          "price": 1.99,
          "unitPrice": 4.9750000000000005
        },
        {
          "date": "2022-04-30",
          "price": 1.39,
          "unitPrice": 3.4749999999999996
        },
        {
          "date": "2022-04-14",
          "price": 1.59,
          "unitPrice": 3.975
        },
        {
          "date": "2021-11-11",
          "price": 1.29,
          "unitPrice": 3.225
        },
        {
          "date": "2020-11-11",
          "price": 1.49,
          "unitPrice": 3.725
        }
      ],
      "isWeighted": false,
      "unit": "g",
      "quantity": 400,
      "bio": false,
      "url": "",
      "search": "clever marmorkuchen 400 g"
    },
    {
      "store": "spar",
      "id": "2020002181086",
      "name": "S-BUDGET Marmor-Kuchen",
      "category": "12",
      "unavailable": false,
      "price": 1.89,
      "priceHistory": [
        {
          "date": "2022-10-11",
          "price": 1.89,
          "unitPrice": 4.725
        },
        {
          "date": "2022-09-30",
          "price": 1.69,
          "unitPrice": 4.225
        },
        {
          "date": "2021-12-16",
          "price": 1.59,
          "unitPrice": 3.975
        },
        {
          "date": "2019-01-12",
          "price": 1.49,
          "unitPrice": 3.725
        },
        {
          "date": "2018-02-06",
          "price": 1.39,
          "unitPrice": 3.4749999999999996
        }
      ],
      "isWeighted": false,
      "unit": "g",
      "quantity": 400,
      "bio": false,
      "url": "",
      "search": "s-budget marmor-kuchen 400 g"
    },
    {
      "store": "billa",
      "id": "00-381881",
      "name": "Clever Maxi Stieleis Mandel",
      "category": "40",
      "unavailable": false,
      "price": 2.99,
      "priceHistory": [
        {
          "date": "2023-06-12",
          "price": 2.99,
          "unitPrice": 4.152777777777778
        },
        {
          "date": "2023-02-08",
          "price": 3.49,
          "unitPrice": 4.847222222222222
        },
        {
          "date": "2022-11-24",
          "price": 2.99,
          "unitPrice": 4.152777777777778
        },
        {
          "date": "2022-08-08",
          "price": 2.65,
          "unitPrice": 3.6805555555555554
        },
        {
          "date": "2020-05-20",
          "price": 2.49,
          "unitPrice": 3.4583333333333335
        }
      ],
      "isWeighted": false,
      "unit": "ml",
      "quantity": 720,
      "bio": false,
      "url": "",
      "search": "clever maxi stieleis mandel 720 ml"
    },
    {
      "store": "spar",
      "id": "2020002794958",
      "name": "S-BUDGET Mega-Bar Mandel 6 Stück 720ml Packung",
      "category": "40",
      "unavailable": false,
      "price": 2.99,
      "priceHistory": [
        {
          "date": "2023-04-14",
          "price": 2.99,
          "unitPrice": 4.152777777777778
        },
        {
          "date": "2021-10-19",
          "price": 2.49,
          "unitPrice": 3.4583333333333335
        },
        {
          "date": "2021-07-14",
          "price": 1.99,
          "unitPrice": 2.7638888888888893
        },
        {
          "date": "2019-02-17",
          "price": 2.49,
          "unitPrice": 3.4583333333333335
        }
      ],
      "isWeighted": false,
      "unit": "ml",
      "quantity": 720,
      "bio": false,
      "url": "",
      "search": "s-budget mega-bar mandel 6 stück 720ml packung 720 ml"
    },
    {
      "store": "billa",
      "id": "00-415152",
      "name": "Clever Mayonnaise 80%",
      "category": "5C",
      "unavailable": false,
      "price": 1.69,
      "priceHistory": [
        {
          "date": "2023-06-07",
          "price": 1.69,
          "unitPrice": 6.1454545454545455
        },
        {
          "date": "2023-05-22",
          "price": 1.44,
          "unitPrice": 5.236363636363636
        },
        {
          "date": "2023-05-13",
          "price": 1.69,
          "unitPrice": 6.1454545454545455
        },
        {
          "date": "2023-04-15",
          "price": 1.79,
          "unitPrice": 6.509090909090909
        },
        {
          "date": "2022-11-10",
          "price": 1.69,
          "unitPrice": 6.1454545454545455
        },
        {
          "date": "2022-09-19",
          "price": 1.49,
          "unitPrice": 5.418181818181819
        },
        {
          "date": "2022-07-28",
          "price": 1.39,
          "unitPrice": 5.054545454545454
        },
        {
          "date": "2022-04-18",
          "price": 1.35,
          "unitPrice": 4.90909090909091
        },
        {
          "date": "2021-10-14",
          "price": 1.19,
          "unitPrice": 4.327272727272727
        },
        {
          "date": "2017-04-05",
          "price": 0.99,
          "unitPrice": 3.6
        }
      ],
      "isWeighted": false,
      "unit": "g",
      "quantity": 275,
      "bio": false,
      "url": "",
      "search": "clever mayonnaise 80% 275 g"
    },
    {
      "store": "spar",
      "id": "7285080",
      "name": "S-BUDGET Mayonnaise 80% Fett",
      "category": "5C",
      "unavailable": false,
      "price": 1.69,
      "priceHistory": [
        {
          "date": "2023-04-21",
          "price": 1.69,
          "unitPrice": 6.1454545454545455
        },
        {
          "date": "2023-02-28",
          "price": 1.79,
          "unitPrice": 6.509090909090909
        },
        {
          "date": "2022-11-15",
          "price": 1.69,
          "unitPrice": 6.1454545454545455
        },
        {
          "date": "2022-09-30",
          "price": 1.49,
          "unitPrice": 5.418181818181819
        },
        {
          "date": "2022-03-16",
          "price": 1.35,
          "unitPrice": 4.90909090909091
        },
        {
          "date": "2021-10-06",
          "price": 1.19,
          "unitPrice": 4.327272727272727
        },
        {
          "date": "2017-04-20",
          "price": 0.99,
          "unitPrice": 3.6
        }
      ],
      "isWeighted": false,
      "unit": "ml",
      "quantity": 275,
      "bio": false,
      "url": "",
      "search": "s-budget mayonnaise 80% fett 275 ml"
    },
    {
      "store": "billa",
      "id": "00-338417",
      "name": "Clever Mignon-Schnitten Trio",
      "category": "64",
      "unavailable": false,
      "price": 1.49,
      "priceHistory": [
        {
          "date": "2022-11-27",
          "price": 1.49,
          "unitPrice": 7.095238095238096
        },
        {
          "date": "2022-07-28",
          "price": 1.39,
          "unitPrice": 6.619047619047618
        },
        {
          "date": "2021-11-27",
          "price": 1.19,
          "unitPrice": 5.666666666666666
        },
        {
          "date": "2021-11-25",
          "price": 0.89,
          "unitPrice": 4.238095238095238
        },
        {
          "date": "2020-01-29",
          "price": 1.19,
          "unitPrice": 5.666666666666666
        }
      ],
      "isWeighted": false,
      "unit": "g",
      "quantity": 210,
      "bio": false,
      "url": "",
      "search": "clever mignon-schnitten trio 210 g"
    },
    {
      "store": "spar",
      "id": "1834079",
      "name": "S-BUDGET Mignonschnitten",
      "category": "64",
      "unavailable": false,
      "price": 1.49,
      "priceHistory": [
        {
          "date": "2022-10-04",
          "price": 1.49,
          "unitPrice": 7.095238095238096
        },
        {
          "date": "2022-09-30",
          "price": 1.39,
          "unitPrice": 6.619047619047618
        },
        {
          "date": "2022-04-28",
          "price": 1.29,
          "unitPrice": 6.142857142857142
        },
        {
          "date": "2021-10-22",
          "price": 1.19,
          "unitPrice": 5.666666666666666
        },
        {
          "date": "2021-09-03",
          "price": 1.12,
          "unitPrice": 5.333333333333334
        },
        {
          "date": "2021-04-21",
          "price": 0.99,
          "unitPrice": 4.714285714285714
        },
        {
          "date": "2020-01-29",
          "price": 1.19,
          "unitPrice": 5.666666666666666
        },
        {
          "date": "2019-10-16",
          "price": 0.99,
          "unitPrice": 4.714285714285714
        },
        {
          "date": "2017-11-10",
          "price": 1.19,
          "unitPrice": 5.666666666666666
        },
        {
          "date": "2017-04-20",
          "price": 1.09,
          "unitPrice": 5.190476190476191
        }
      ],
      "isWeighted": false,
      "unit": "g",
      "quantity": 210,
      "bio": false,
      "url": "",
      "search": "s-budget mignonschnitten 210 g"
    },
    {
      "store": "billa",
      "id": "00-768434",
      "name": "Clever Mineralwasser Still",
      "category": "26",
      "unavailable": false,
      "price": 0.33,
      "priceHistory": [
        {
          "date": "2023-02-16",
          "price": 0.33,
          "unitPrice": 0.22
        },
        {
          "date": "2022-12-30",
          "price": 0.35,
          "unitPrice": 0.23333333333333334
        },
        {
          "date": "2022-10-31",
          "price": 0.33,
          "unitPrice": 0.22
        },
        {
          "date": "2021-12-16",
          "price": 0.29,
          "unitPrice": 0.1933333333333333
        },
        {
          "date": "2020-06-18",
          "price": 0.27,
          "unitPrice": 0.18000000000000002
        },
        {
          "date": "2020-01-16",
          "price": 0.25,
          "unitPrice": 0.16666666666666666
        },
        {
          "date": "2019-10-24",
          "price": 0.29,
          "unitPrice": 0.1933333333333333
        },
        {
          "date": "2018-04-12",
          "price": 0.25,
          "unitPrice": 0.16666666666666666
        },
        {
          "date": "2017-12-06",
          "price": 0.29,
          "unitPrice": 0.1933333333333333
        },
        {
          "date": "2017-04-05",
          "price": 0.25,
          "unitPrice": 0.16666666666666666
        }
      ],
      "isWeighted": false,
      "unit": "ml",
      "quantity": 1500,
      "bio": false,
      "url": "",
      "search": "clever mineralwasser still 1500 ml"
    },
    {
      "store": "spar",
      "id": "1592559",
      "name": "S-BUDGET Astoria Natürliches Mineralwasser still",
      "category": "26",
      "unavailable": false,
      "price": 0.33,
      "priceHistory": [
        {
          "date": "2023-02-28",
          "price": 0.33,
          "unitPrice": 0.22
        },
        {
          "date": "2023-02-02",
          "price": 0.35,
          "unitPrice": 0.23333333333333334
        },
        {
          "date": "2023-01-18",
          "price": 0.27,
          "unitPrice": 0.18000000000000002
        },
        {
          "date": "2022-11-23",
          "price": 0.33,
          "unitPrice": 0.22
        },
        {
          "date": "2021-12-15",
          "price": 0.29,
          "unitPrice": 0.1933333333333333
        },
        {
          "date": "2020-06-17",
          "price": 0.27,
          "unitPrice": 0.18000000000000002
        },
        {
          "date": "2017-04-20",
          "price": 0.25,
          "unitPrice": 0.16666666666666666
        }
      ],
      "isWeighted": false,
      "unit": "ml",
      "quantity": 1500,
      "bio": false,
      "url": "",
      "search": "s-budget astoria natürliches mineralwasser still 1500 ml"
    },
    {
      "store": "billa",
      "id": "00-363729",
      "name": "Clever Mini Punschkrapfen",
      "category": "13",
      "unavailable": false,
      "price": 2.29,
      "priceHistory": [
        {
          "date": "2023-03-16",
          "price": 2.29,
          "unitPrice": 9.16
        },
        {
          "date": "2023-01-08",
          "price": 2.19,
          "unitPrice": 8.76
        },
        {
          "date": "2022-07-01",
          "price": 1.99,
          "unitPrice": 7.96
        },
        {
          "date": "2022-06-30",
          "price": 1.69,
          "unitPrice": 6.76
        },
        {
          "date": "2022-06-15",
          "price": 1.99,
          "unitPrice": 7.96
        },
        {
          "date": "2018-08-08",
          "price": 1.69,
          "unitPrice": 6.76
        }
      ],
      "isWeighted": false,
      "unit": "g",
      "quantity": 250,
      "bio": false,
      "url": "",
      "search": "clever mini punschkrapfen 250 g"
    },
    {
      "store": "spar",
      "id": "2341804",
      "name": "S-BUDGET Punschkrapferl 6 Stück",
      "category": "12",
      "unavailable": false,
      "price": 2.29,
      "priceHistory": [
        {
          "date": "2023-01-17",
          "price": 2.29,
          "unitPrice": 9.16
        },
        {
          "date": "2022-02-02",
          "price": 1.99,
          "unitPrice": 7.96
        },
        {
          "date": "2018-02-16",
          "price": 1.69,
          "unitPrice": 6.76
        },
        {
          "date": "2017-10-03",
          "price": 1.65,
          "unitPrice": 6.6
        },
        {
          "date": "2017-04-20",
          "price": 1.79,
          "unitPrice": 7.16
        }
      ],
      "isWeighted": false,
      "unit": "g",
      "quantity": 250,
      "bio": false,
      "url": "",
      "search": "s-budget punschkrapferl 6 stück 250 g"
    },
    {
      "store": "billa",
      "id": "00-282168",
      "name": "Clever Mozzarella",
      "category": "33",
      "unavailable": false,
      "price": 0.99,
      "priceHistory": [
        {
          "date": "2022-11-09",
          "price": 0.99,
          "unitPrice": 7.92
        },
        {
          "date": "2022-09-06",
          "price": 0.89,
          "unitPrice": 7.12
        },
        {
          "date": "2022-06-02",
          "price": 0.79,
          "unitPrice": 6.32
        },
        {
          "date": "2022-03-03",
          "price": 0.69,
          "unitPrice": 5.52
        },
        {
          "date": "2021-10-22",
          "price": 0.65,
          "unitPrice": 5.2
        },
        {
          "date": "2021-04-07",
          "price": 0.59,
          "unitPrice": 4.72
        },
        {
          "date": "2019-10-10",
          "price": 0.65,
          "unitPrice": 5.2
        },
        {
          "date": "2019-03-27",
          "price": 0.75,
          "unitPrice": 6
        }
      ],
      "isWeighted": false,
      "unit": "g",
      "quantity": 125,
      "bio": false,
      "url": "",
      "search": "clever mozzarella 125 g"
    },
    {
      "store": "spar",
      "id": "2686653",
      "name": "S-BUDGET Mozzarella",
      "category": "33",
      "unavailable": false,
      "price": 0.99,
      "priceHistory": [
        {
          "date": "2022-11-17",
          "price": 0.99,
          "unitPrice": 7.92
        },
        {
          "date": "2022-11-11",
          "price": 0.89,
          "unitPrice": 7.12
        },
        {
          "date": "2022-11-08",
          "price": 0.99,
          "unitPrice": 7.92
        },
        {
          "date": "2022-09-30",
          "price": 0.89,
          "unitPrice": 7.12
        },
        {
          "date": "2022-03-16",
          "price": 0.69,
          "unitPrice": 5.52
        },
        {
          "date": "2021-10-13",
          "price": 0.65,
          "unitPrice": 5.2
        },
        {
          "date": "2021-04-07",
          "price": 0.59,
          "unitPrice": 4.72
        },
        {
          "date": "2020-12-19",
          "price": 0.65,
          "unitPrice": 5.2
        },
        {
          "date": "2020-07-31",
          "price": 0.75,
          "unitPrice": 6
        },
        {
          "date": "2019-10-19",
          "price": 0.65,
          "unitPrice": 5.2
        },
        {
          "date": "2017-10-16",
          "price": 0.75,
          "unitPrice": 6
        },
        {
          "date": "2017-04-20",
          "price": 0.65,
          "unitPrice": 5.2
        }
      ],
      "isWeighted": false,
      "unit": "g",
      "quantity": 125,
      "bio": false,
      "url": "",
      "search": "s-budget mozzarella 125 g"
    },
    {
      "store": "billa",
      "id": "00-360948",
      "name": "Clever Müllsäcke mit Zugband 30L",
      "category": "86",
      "unavailable": false,
      "price": 1.39,
      "priceHistory": [
        {
          "date": "2023-02-23",
          "price": 1.39,
          "unitPrice": 0.03971428571428571
        },
        {
          "date": "2022-11-03",
          "price": 1.49,
          "unitPrice": 0.04257142857142857
        },
        {
          "date": "2022-10-13",
          "price": 1.39,
          "unitPrice": 0.03971428571428571
        },
        {
          "date": "2022-09-01",
          "price": 1.29,
          "unitPrice": 0.03685714285714286
        },
        {
          "date": "2021-12-16",
          "price": 0.99,
          "unitPrice": 0.028285714285714286
        },
        {
          "date": "2020-08-20",
          "price": 0.95,
          "unitPrice": 0.027142857142857142
        }
      ],
      "isWeighted": false,
      "unit": "stk",
      "quantity": 35,
      "bio": false,
      "url": "",
      "search": "clever müllsäcke mit zugband 30l 35 stk"
    },
    {
      "store": "spar",
      "id": "2020003506352",
      "name": "S-BUDGET Müllbeutel mit Zugband 30l 35 Stk.",
      "category": "86",
      "unavailable": false,
      "price": 1.39,
      "priceHistory": [
        {
          "date": "2023-03-09",
          "price": 1.39,
          "unitPrice": 0.03971428571428571
        },
        {
          "date": "2023-01-23",
          "price": 1.49,
          "unitPrice": 0.04257142857142857
        },
        {
          "date": "2022-10-06",
          "price": 1.39,
          "unitPrice": 0.03971428571428571
        },
        {
          "date": "2022-09-30",
          "price": 1.29,
          "unitPrice": 0.03685714285714286
        },
        {
          "date": "2021-10-18",
          "price": 0.99,
          "unitPrice": 0.028285714285714286
        },
        {
          "date": "2020-09-28",
          "price": 0.95,
          "unitPrice": 0.027142857142857142
        }
      ],
      "isWeighted": false,
      "unit": "stk",
      "quantity": 35,
      "bio": false,
      "url": "",
      "search": "s-budget müllbeutel mit zugband 30l 35 stk. 35 stk"
    },
    {
      "store": "billa",
      "id": "00-904083",
      "name": "Clever Müllsäcke mit Zugband 60L",
      "category": "86",
      "unavailable": false,
      "price": 1.39,
      "priceHistory": [
        {
          "date": "2023-02-23",
          "price": 1.39,
          "unitPrice": 0.06949999999999999
        },
        {
          "date": "2023-02-09",
          "price": 1.49,
          "unitPrice": 0.0745
        },
        {
          "date": "2022-10-13",
          "price": 1.39,
          "unitPrice": 0.06949999999999999
        },
        {
          "date": "2022-09-01",
          "price": 1.29,
          "unitPrice": 0.0645
        },
        {
          "date": "2022-01-19",
          "price": 0.99,
          "unitPrice": 0.0495
        },
        {
          "date": "2020-08-20",
          "price": 0.95,
          "unitPrice": 0.0475
        }
      ],
      "isWeighted": false,
      "unit": "stk",
      "quantity": 20,
      "bio": false,
      "url": "",
      "search": "clever müllsäcke mit zugband 60l 20 stk"
    },
    {
      "store": "spar",
      "id": "2020003506406",
      "name": "S-BUDGET Müllbeutel mit Zugband 60l 20 Stk.",
      "category": "86",
      "unavailable": false,
      "price": 1.39,
      "priceHistory": [
        {
          "date": "2023-03-09",
          "price": 1.39,
          "unitPrice": 0.06949999999999999
        },
        {
          "date": "2023-01-23",
          "price": 1.49,
          "unitPrice": 0.0745
        },
        {
          "date": "2022-10-06",
          "price": 1.39,
          "unitPrice": 0.06949999999999999
        },
        {
          "date": "2022-09-30",
          "price": 1.29,
          "unitPrice": 0.0645
        },
        {
          "date": "2021-10-18",
          "price": 0.99,
          "unitPrice": 0.0495
        },
        {
          "date": "2020-09-28",
          "price": 0.95,
          "unitPrice": 0.0475
        }
      ],
      "isWeighted": false,
      "unit": "stk",
      "quantity": 20,
      "bio": false,
      "url": "",
      "search": "s-budget müllbeutel mit zugband 60l 20 stk. 20 stk"
    },
    {
      "store": "billa",
      "id": "00-544532",
      "name": "Clever Müsliriegel Schokolade",
      "category": "5A",
      "unavailable": false,
      "price": 1.39,
      "priceHistory": [
        {
          "date": "2023-04-15",
          "price": 1.39,
          "unitPrice": 6.949999999999999
        },
        {
          "date": "2023-01-17",
          "price": 1.29,
          "unitPrice": 6.45
        },
        {
          "date": "2022-04-21",
          "price": 1.15,
          "unitPrice": 5.75
        },
        {
          "date": "2021-11-27",
          "price": 0.99,
          "unitPrice": 4.949999999999999
        },
        {
          "date": "2021-11-25",
          "price": 0.74,
          "unitPrice": 3.7
        },
        {
          "date": "2017-04-05",
          "price": 0.99,
          "unitPrice": 4.949999999999999
        }
      ],
      "isWeighted": false,
      "unit": "g",
      "quantity": 200,
      "bio": false,
      "url": "",
      "search": "clever müsliriegel schokolade 200 g"
    },
    {
      "store": "spar",
      "id": "2251073",
      "name": "S-BUDGET Müsliriegel Schoko 8 x 25G",
      "category": "64",
      "unavailable": false,
      "price": 1.39,
      "priceHistory": [
        {
          "date": "2023-05-15",
          "price": 1.39,
          "unitPrice": 6.949999999999999
        },
        {
          "date": "2023-01-31",
          "price": 1.29,
          "unitPrice": 6.45
        },
        {
          "date": "2022-11-01",
          "price": 1.15,
          "unitPrice": 5.75
        },
        {
          "date": "2017-04-20",
          "price": 0.99,
          "unitPrice": 4.949999999999999
        }
      ],
      "isWeighted": false,
      "unit": "g",
      "quantity": 200,
      "bio": false,
      "url": "",
      "search": "s-budget müsliriegel schoko 8 x 25g 200 g"
    },
    {
      "store": "billa",
      "id": "00-748774",
      "name": "Clever Natives Olivenöl Extra",
      "category": "53",
      "unavailable": false,
      "price": 5.99,
      "priceHistory": [
        {
          "date": "2023-04-22",
          "price": 5.99,
          "unitPrice": 7.986666666666666
        },
        {
          "date": "2023-03-16",
          "price": 4.99,
          "unitPrice": 6.653333333333334
        },
        {
          "date": "2022-12-07",
          "price": 5.49,
          "unitPrice": 7.32
        },
        {
          "date": "2022-12-01",
          "price": 4.99,
          "unitPrice": 6.653333333333334
        },
        {
          "date": "2022-10-06",
          "price": 4.49,
          "unitPrice": 5.986666666666667
        },
        {
          "date": "2022-06-15",
          "price": 4.99,
          "unitPrice": 6.653333333333334
        },
        {
          "date": "2021-10-18",
          "price": 4.49,
          "unitPrice": 5.986666666666667
        },
        {
          "date": "2017-04-05",
          "price": 3.99,
          "unitPrice": 5.32
        }
      ],
      "isWeighted": false,
      "unit": "ml",
      "quantity": 750,
      "bio": false,
      "url": "",
      "search": "clever natives olivenöl extra 750 ml"
    },
    {
      "store": "spar",
      "id": "5733477",
      "name": "S-BUDGET Natives Olivenöl Extra",
      "category": "53",
      "unavailable": false,
      "price": 5.99,
      "priceHistory": [
        {
          "date": "2023-04-21",
          "price": 5.99,
          "unitPrice": 7.986666666666666
        },
        {
          "date": "2023-02-14",
          "price": 4.99,
          "unitPrice": 6.653333333333334
        },
        {
          "date": "2022-12-06",
          "price": 5.49,
          "unitPrice": 7.32
        },
        {
          "date": "2022-11-29",
          "price": 4.99,
          "unitPrice": 6.653333333333334
        },
        {
          "date": "2021-11-17",
          "price": 4.49,
          "unitPrice": 5.986666666666667
        },
        {
          "date": "2017-04-20",
          "price": 3.99,
          "unitPrice": 5.32
        }
      ],
      "isWeighted": false,
      "unit": "ml",
      "quantity": 750,
      "bio": false,
      "url": "",
      "search": "s-budget natives olivenöl extra 750 ml"
    },
    {
      "store": "billa",
      "id": "00-857019",
      "name": "Clever Orangennektar",
      "category": "20",
      "unavailable": false,
      "price": 0.99,
      "priceHistory": [
        {
          "date": "2023-04-22",
          "price": 0.99,
          "unitPrice": 0.66
        },
        {
          "date": "2023-03-02",
          "price": 0.95,
          "unitPrice": 0.6333333333333333
        },
        {
          "date": "2022-12-06",
          "price": 0.99,
          "unitPrice": 0.66
        },
        {
          "date": "2022-03-22",
          "price": 0.89,
          "unitPrice": 0.5933333333333333
        },
        {
          "date": "2017-10-19",
          "price": 0.95,
          "unitPrice": 0.6333333333333333
        },
        {
          "date": "2017-06-22",
          "price": 0.89,
          "unitPrice": 0.5933333333333333
        },
        {
          "date": "2017-04-05",
          "price": 0.95,
          "unitPrice": 0.6333333333333333
        }
      ],
      "isWeighted": false,
      "unit": "ml",
      "quantity": 1500,
      "bio": false,
      "url": "",
      "search": "clever orangennektar 1500 ml"
    },
    {
      "store": "spar",
      "id": "7354236",
      "name": "S-BUDGET Orangennektar aus Orangensaftkonzentrat, 50%",
      "category": "20",
      "unavailable": false,
      "price": 0.99,
      "priceHistory": [
        {
          "date": "2023-05-05",
          "price": 0.99,
          "unitPrice": 0.66
        },
        {
          "date": "2023-02-14",
          "price": 0.95,
          "unitPrice": 0.6333333333333333
        },
        {
          "date": "2022-12-06",
          "price": 0.99,
          "unitPrice": 0.66
        },
        {
          "date": "2022-02-08",
          "price": 0.89,
          "unitPrice": 0.5933333333333333
        },
        {
          "date": "2017-11-10",
          "price": 0.95,
          "unitPrice": 0.6333333333333333
        },
        {
          "date": "2017-06-27",
          "price": 0.89,
          "unitPrice": 0.5933333333333333
        },
        {
          "date": "2017-04-20",
          "price": 0.95,
          "unitPrice": 0.6333333333333333
        }
      ],
      "isWeighted": false,
      "unit": "ml",
      "quantity": 1500,
      "bio": false,
      "url": "",
      "search": "s-budget orangennektar aus orangensaftkonzentrat. 50% 1500 ml"
    },
    {
      "store": "billa",
      "id": "00-861713",
      "name": "Clever Orangensaft",
      "category": "20",
      "unavailable": false,
      "price": 1.19,
      "priceHistory": [
        {
          "date": "2022-10-21",
          "price": 1.19,
          "unitPrice": 1.19
        },
        {
          "date": "2022-05-05",
          "price": 0.99,
          "unitPrice": 0.99
        },
        {
          "date": "2022-03-22",
          "price": 0.89,
          "unitPrice": 0.89
        },
        {
          "date": "2021-09-16",
          "price": 0.79,
          "unitPrice": 0.79
        },
        {
          "date": "2018-06-20",
          "price": 0.89,
          "unitPrice": 0.89
        },
        {
          "date": "2017-10-19",
          "price": 0.95,
          "unitPrice": 0.95
        },
        {
          "date": "2017-07-06",
          "price": 0.89,
          "unitPrice": 0.89
        },
        {
          "date": "2017-04-05",
          "price": 0.95,
          "unitPrice": 0.95
        }
      ],
      "isWeighted": false,
      "unit": "ml",
      "quantity": 1000,
      "bio": false,
      "url": "",
      "search": "clever orangensaft 1000 ml"
    },
    {
      "store": "spar",
      "id": "5546343",
      "name": "S-BUDGET Orangensaft 100%",
      "category": "20",
      "unavailable": false,
      "price": 1.19,
      "priceHistory": [
        {
          "date": "2023-01-20",
          "price": 1.19,
          "unitPrice": 1.19
        },
        {
          "date": "2023-01-02",
          "price": 0.99,
          "unitPrice": 0.99
        },
        {
          "date": "2022-11-03",
          "price": 1.19,
          "unitPrice": 1.19
        },
        {
          "date": "2022-09-30",
          "price": 0.99,
          "unitPrice": 0.99
        },
        {
          "date": "2022-01-12",
          "price": 0.89,
          "unitPrice": 0.89
        },
        {
          "date": "2021-09-15",
          "price": 0.79,
          "unitPrice": 0.79
        },
        {
          "date": "2018-08-08",
          "price": 0.89,
          "unitPrice": 0.89
        },
        {
          "date": "2017-11-15",
          "price": 0.95,
          "unitPrice": 0.95
        },
        {
          "date": "2017-10-03",
          "price": 0.89,
          "unitPrice": 0.89
        },
        {
          "date": "2017-04-20",
          "price": 0.95,
          "unitPrice": 0.95
        }
      ],
      "isWeighted": false,
      "unit": "ml",
      "quantity": 1000,
      "bio": false,
      "url": "",
      "search": "s-budget orangensaft 100% 1000 ml"
    },
    {
      "store": "billa",
      "id": "00-437794",
      "name": "Clever Paprika Edelsüß",
      "category": "55",
      "unavailable": false,
      "price": 1.19,
      "priceHistory": [
        {
          "date": "2023-01-24",
          "price": 1.19,
          "unitPrice": 8.499999999999998
        },
        {
          "date": "2017-12-06",
          "price": 0.99,
          "unitPrice": 7.071428571428571
        },
        {
          "date": "2017-10-09",
          "price": 0.95,
          "unitPrice": 6.785714285714286
        },
        {
          "date": "2017-09-29",
          "price": 0.97,
          "unitPrice": 6.928571428571428
        },
        {
          "date": "2017-04-05",
          "price": 0.99,
          "unitPrice": 7.071428571428571
        }
      ],
      "isWeighted": false,
      "unit": "g",
      "quantity": 140,
      "bio": false,
      "url": "",
      "search": "clever paprika edelsüß 140 g"
    },
    {
      "store": "spar",
      "id": "1951349",
      "name": "S-BUDGET Paprika edelsüß 140g",
      "category": "55",
      "unavailable": false,
      "price": 1.19,
      "priceHistory": [
        {
          "date": "2023-01-24",
          "price": 1.19,
          "unitPrice": 8.499999999999998
        },
        {
          "date": "2018-02-16",
          "price": 0.99,
          "unitPrice": 7.071428571428571
        },
        {
          "date": "2017-10-10",
          "price": 0.95,
          "unitPrice": 6.785714285714286
        },
        {
          "date": "2017-04-20",
          "price": 0.99,
          "unitPrice": 7.071428571428571
        }
      ],
      "isWeighted": false,
      "unit": "g",
      "quantity": 140,
      "bio": false,
      "url": "",
      "search": "s-budget paprika edelsüß 140g 140 g"
    },
    {
      "store": "billa",
      "id": "00-596624",
      "name": "Clever Parboild Langkornrreis",
      "category": "5B",
      "unavailable": false,
      "price": 1.39,
      "priceHistory": [
        {
          "date": "2023-05-25",
          "price": 1.39,
          "unitPrice": 1.39
        },
        {
          "date": "2023-05-15",
          "price": 1.49,
          "unitPrice": 1.49
        },
        {
          "date": "2022-10-13",
          "price": 1.39,
          "unitPrice": 1.39
        },
        {
          "date": "2022-08-11",
          "price": 1.29,
          "unitPrice": 1.29
        },
        {
          "date": "2022-07-28",
          "price": 1.09,
          "unitPrice": 1.09
        },
        {
          "date": "2022-06-30",
          "price": 1.49,
          "unitPrice": 1.49
        },
        {
          "date": "2022-04-28",
          "price": 1.29,
          "unitPrice": 1.29
        },
        {
          "date": "2022-02-03",
          "price": 1.09,
          "unitPrice": 1.09
        },
        {
          "date": "2019-03-07",
          "price": 0.95,
          "unitPrice": 0.95
        },
        {
          "date": "2017-09-28",
          "price": 0.89,
          "unitPrice": 0.89
        }
      ],
      "isWeighted": false,
      "unit": "g",
      "quantity": 1000,
      "bio": false,
      "url": "",
      "search": "clever parboild langkornrreis 1000 g"
    },
    {
      "store": "spar",
      "id": "6481940",
      "name": "S-BUDGET Langkornreis parboiled",
      "category": "5B",
      "unavailable": false,
      "price": 1.39,
      "priceHistory": [
        {
          "date": "2023-06-06",
          "price": 1.39,
          "unitPrice": 1.39
        },
        {
          "date": "2023-02-28",
          "price": 1.49,
          "unitPrice": 1.49
        },
        {
          "date": "2022-10-25",
          "price": 1.39,
          "unitPrice": 1.39
        },
        {
          "date": "2022-09-30",
          "price": 1.29,
          "unitPrice": 1.29
        },
        {
          "date": "2022-03-18",
          "price": 1.09,
          "unitPrice": 1.09
        },
        {
          "date": "2019-04-10",
          "price": 0.95,
          "unitPrice": 0.95
        },
        {
          "date": "2017-04-20",
          "price": 0.89,
          "unitPrice": 0.89
        }
      ],
      "isWeighted": false,
      "unit": "g",
      "quantity": 1000,
      "bio": false,
      "url": "",
      "search": "s-budget langkornreis parboiled 1000 g"
    },
    {
      "store": "billa",
      "id": "00-558624",
      "name": "Clever Passierte Tomaten",
      "category": "57",
      "unavailable": false,
      "price": 0.59,
      "priceHistory": [
        {
          "date": "2023-02-07",
          "price": 0.59,
          "unitPrice": 1.18
        },
        {
          "date": "2022-03-03",
          "price": 0.45,
          "unitPrice": 0.9
        },
        {
          "date": "2017-07-29",
          "price": 0.37,
          "unitPrice": 0.74
        },
        {
          "date": "2017-07-28",
          "price": 0.27,
          "unitPrice": 0.54
        },
        {
          "date": "2017-04-05",
          "price": 0.39,
          "unitPrice": 0.78
        }
      ],
      "isWeighted": false,
      "unit": "g",
      "quantity": 500,
      "bio": false,
      "url": "",
      "search": "clever passierte tomaten 500 g"
    },
    {
      "store": "spar",
      "id": "7164071",
      "name": "S-BUDGET Passierte Tomaten",
      "category": "57",
      "unavailable": false,
      "price": 0.59,
      "priceHistory": [
        {
          "date": "2023-04-14",
          "price": 0.59,
          "unitPrice": 1.18
        },
        {
          "date": "2023-02-14",
          "price": 0.45,
          "unitPrice": 0.9
        },
        {
          "date": "2022-12-28",
          "price": 0.59,
          "unitPrice": 1.18
        },
        {
          "date": "2022-01-19",
          "price": 0.45,
          "unitPrice": 0.9
        },
        {
          "date": "2017-06-22",
          "price": 0.37,
          "unitPrice": 0.74
        },
        {
          "date": "2017-04-20",
          "price": 0.39,
          "unitPrice": 0.78
        }
      ],
      "isWeighted": false,
      "unit": "g",
      "quantity": 500,
      "bio": false,
      "url": "",
      "search": "s-budget passierte tomaten 500 g"
    },
    {
      "store": "billa",
      "id": "00-379599",
      "name": "Clever Penne",
      "category": "5B",
      "unavailable": true,
      "price": 1.49,
      "priceHistory": [
        {
          "date": "2022-09-30",
          "price": 1.49,
          "unitPrice": 1.49
        },
        {
          "date": "2021-11-11",
          "price": 1.19,
          "unitPrice": 1.19
        },
        {
          "date": "2021-10-01",
          "price": 0.99,
          "unitPrice": 0.99
        },
        {
          "date": "2020-10-07",
          "price": 0.78,
          "unitPrice": 0.78
        }
      ],
      "isWeighted": false,
      "unit": "g",
      "quantity": 1000,
      "bio": false,
      "url": "",
      "search": "clever penne 1000 g"
    },
    {
      "store": "spar",
      "id": "6483753",
      "name": "S-BUDGET Penne Rigate",
      "category": "5B",
      "unavailable": false,
      "price": 1.49,
      "priceHistory": [
        {
          "date": "2022-11-02",
          "price": 1.49,
          "unitPrice": 1.49
        },
        {
          "date": "2022-09-30",
          "price": 1.39,
          "unitPrice": 1.39
        },
        {
          "date": "2022-04-29",
          "price": 1.29,
          "unitPrice": 1.29
        },
        {
          "date": "2021-11-04",
          "price": 1.19,
          "unitPrice": 1.19
        },
        {
          "date": "2021-09-29",
          "price": 0.99,
          "unitPrice": 0.99
        },
        {
          "date": "2018-01-31",
          "price": 0.78,
          "unitPrice": 0.78
        },
        {
          "date": "2018-01-26",
          "price": 0.84,
          "unitPrice": 0.84
        },
        {
          "date": "2017-12-08",
          "price": 0.78,
          "unitPrice": 0.78
        },
        {
          "date": "2017-04-20",
          "price": 0.84,
          "unitPrice": 0.84
        }
      ],
      "isWeighted": false,
      "unit": "g",
      "quantity": 1000,
      "bio": false,
      "url": "",
      "search": "s-budget penne rigate 1000 g"
    },
    {
      "store": "billa",
      "id": "00-957964",
      "name": "Clever Pfeffer Bunt Ganz",
      "category": "55",
      "unavailable": false,
      "price": 1.19,
      "priceHistory": [
        {
          "date": "2023-03-23",
          "price": 1.19,
          "unitPrice": 16.999999999999996
        },
        {
          "date": "2023-01-18",
          "price": 1.29,
          "unitPrice": 18.42857142857143
        },
        {
          "date": "2022-10-06",
          "price": 1.19,
          "unitPrice": 16.999999999999996
        },
        {
          "date": "2022-04-28",
          "price": 1.29,
          "unitPrice": 18.42857142857143
        },
        {
          "date": "2022-04-21",
          "price": 1.25,
          "unitPrice": 17.857142857142858
        },
        {
          "date": "2020-03-12",
          "price": 1.49,
          "unitPrice": 21.285714285714285
        },
        {
          "date": "2018-09-12",
          "price": 1.59,
          "unitPrice": 22.714285714285715
        }
      ],
      "isWeighted": false,
      "unit": "g",
      "quantity": 70,
      "bio": false,
      "url": "",
      "search": "clever pfeffer bunt ganz 70 g"
    },
    {
      "store": "spar",
      "id": "1951332",
      "name": "S-BUDGET Pfeffer bunt ganz 70g",
      "category": "55",
      "unavailable": false,
      "price": 1.19,
      "priceHistory": [
        {
          "date": "2023-04-28",
          "price": 1.19,
          "unitPrice": 16.999999999999996
        },
        {
          "date": "2023-01-24",
          "price": 1.29,
          "unitPrice": 18.42857142857143
        },
        {
          "date": "2022-09-30",
          "price": 1.19,
          "unitPrice": 16.999999999999996
        },
        {
          "date": "2022-04-28",
          "price": 1.25,
          "unitPrice": 17.857142857142858
        },
        {
          "date": "2022-01-19",
          "price": 1.19,
          "unitPrice": 16.999999999999996
        },
        {
          "date": "2021-05-12",
          "price": 0.99,
          "unitPrice": 14.142857142857142
        },
        {
          "date": "2021-03-03",
          "price": 1.39,
          "unitPrice": 19.857142857142854
        },
        {
          "date": "2020-01-22",
          "price": 1.49,
          "unitPrice": 21.285714285714285
        },
        {
          "date": "2017-11-22",
          "price": 1.59,
          "unitPrice": 22.714285714285715
        },
        {
          "date": "2017-11-10",
          "price": 1.69,
          "unitPrice": 24.142857142857142
        },
        {
          "date": "2017-04-20",
          "price": 1.59,
          "unitPrice": 22.714285714285715
        }
      ],
      "isWeighted": false,
      "unit": "g",
      "quantity": 70,
      "bio": false,
      "url": "",
      "search": "s-budget pfeffer bunt ganz 70g 70 g"
    },
    {
      "store": "billa",
      "id": "00-957963",
      "name": "Clever Pfeffer Schwarz Gemahlen",
      "category": "55",
      "unavailable": false,
      "price": 1.19,
      "priceHistory": [
        {
          "date": "2023-03-23",
          "price": 1.19,
          "unitPrice": 11.899999999999999
        },
        {
          "date": "2023-01-05",
          "price": 1.29,
          "unitPrice": 12.9
        },
        {
          "date": "2022-12-05",
          "price": 1.19,
          "unitPrice": 11.899999999999999
        },
        {
          "date": "2022-04-28",
          "price": 1.29,
          "unitPrice": 12.9
        },
        {
          "date": "2022-04-21",
          "price": 1.25,
          "unitPrice": 12.5
        },
        {
          "date": "2020-03-12",
          "price": 1.49,
          "unitPrice": 14.9
        },
        {
          "date": "2018-09-12",
          "price": 1.59,
          "unitPrice": 15.9
        }
      ],
      "isWeighted": false,
      "unit": "g",
      "quantity": 100,
      "bio": false,
      "url": "",
      "search": "clever pfeffer schwarz gemahlen 100 g"
    },
    {
      "store": "spar",
      "id": "1951301",
      "name": "S-BUDGET Pfeffer schwarz gemahlen 100g",
      "category": "55",
      "unavailable": false,
      "price": 1.19,
      "priceHistory": [
        {
          "date": "2023-04-28",
          "price": 1.19,
          "unitPrice": 11.899999999999999
        },
        {
          "date": "2023-01-24",
          "price": 1.29,
          "unitPrice": 12.9
        },
        {
          "date": "2022-09-30",
          "price": 1.19,
          "unitPrice": 11.899999999999999
        },
        {
          "date": "2022-04-28",
          "price": 1.25,
          "unitPrice": 12.5
        },
        {
          "date": "2022-01-19",
          "price": 1.19,
          "unitPrice": 11.899999999999999
        },
        {
          "date": "2021-05-12",
          "price": 0.99,
          "unitPrice": 9.899999999999999
        },
        {
          "date": "2021-03-03",
          "price": 1.39,
          "unitPrice": 13.899999999999999
        },
        {
          "date": "2020-01-22",
          "price": 1.49,
          "unitPrice": 14.9
        },
        {
          "date": "2017-11-22",
          "price": 1.59,
          "unitPrice": 15.9
        },
        {
          "date": "2017-11-10",
          "price": 1.69,
          "unitPrice": 16.9
        },
        {
          "date": "2017-04-20",
          "price": 1.59,
          "unitPrice": 15.9
        }
      ],
      "isWeighted": false,
      "unit": "g",
      "quantity": 100,
      "bio": false,
      "url": "",
      "search": "s-budget pfeffer schwarz gemahlen 100g 100 g"
    },
    {
      "store": "billa",
      "id": "00-339652",
      "name": "Clever Pizzakäse Leicht gerieben",
      "category": "33",
      "unavailable": false,
      "price": 2.29,
      "priceHistory": [
        {
          "date": "2023-05-26",
          "price": 2.29,
          "unitPrice": 9.16
        },
        {
          "date": "2023-02-08",
          "price": 2.49,
          "unitPrice": 9.96
        },
        {
          "date": "2022-11-09",
          "price": 2.19,
          "unitPrice": 8.76
        }
      ],
      "isWeighted": false,
      "unit": "g",
      "quantity": 250,
      "bio": false,
      "url": "",
      "search": "clever pizzakäse leicht gerieben 250 g"
    },
    {
      "store": "spar",
      "id": "2020001607440",
      "name": "S-BUDGET Pizza-Käse gerieben, leicht*",
      "category": "33",
      "unavailable": false,
      "price": 2.29,
      "priceHistory": [
        {
          "date": "2023-06-22",
          "price": 2.29,
          "unitPrice": 9.16
        },
        {
          "date": "2023-02-02",
          "price": 2.49,
          "unitPrice": 9.96
        },
        {
          "date": "2023-01-18",
          "price": 2.09,
          "unitPrice": 8.36
        },
        {
          "date": "2022-11-15",
          "price": 2.49,
          "unitPrice": 9.96
        },
        {
          "date": "2022-09-30",
          "price": 2.19,
          "unitPrice": 8.76
        },
        {
          "date": "2022-02-08",
          "price": 1.89,
          "unitPrice": 7.56
        },
        {
          "date": "2021-11-01",
          "price": 1.79,
          "unitPrice": 7.16
        },
        {
          "date": "2021-05-14",
          "price": 1.49,
          "unitPrice": 5.96
        },
        {
          "date": "2021-01-06",
          "price": 1.69,
          "unitPrice": 6.76
        },
        {
          "date": "2020-10-28",
          "price": 1.89,
          "unitPrice": 7.56
        },
        {
          "date": "2020-05-13",
          "price": 1.69,
          "unitPrice": 6.76
        },
        {
          "date": "2020-03-17",
          "price": 1.89,
          "unitPrice": 7.56
        },
        {
          "date": "2019-12-04",
          "price": 1.69,
          "unitPrice": 6.76
        },
        {
          "date": "2018-10-16",
          "price": 1.89,
          "unitPrice": 7.56
        },
        {
          "date": "2017-10-03",
          "price": 1.79,
          "unitPrice": 7.16
        },
        {
          "date": "2017-06-15",
          "price": 1.69,
          "unitPrice": 6.76
        },
        {
          "date": "2017-04-20",
          "price": 1.85,
          "unitPrice": 7.4
        }
      ],
      "isWeighted": false,
      "unit": "g",
      "quantity": 250,
      "bio": false,
      "url": "",
      "search": "s-budget pizza-käse gerieben. leicht* 250 g"
    },
    {
      "store": "billa",
      "id": "00-457741",
      "name": "Clever Pizzakäse gerieben",
      "category": "33",
      "unavailable": false,
      "price": 2.29,
      "priceHistory": [
        {
          "date": "2023-05-26",
          "price": 2.29,
          "unitPrice": 9.16
        },
        {
          "date": "2022-11-17",
          "price": 2.49,
          "unitPrice": 9.96
        },
        {
          "date": "2022-09-22",
          "price": 2.19,
          "unitPrice": 8.76
        },
        {
          "date": "2022-06-17",
          "price": 1.99,
          "unitPrice": 7.96
        },
        {
          "date": "2022-04-07",
          "price": 1.89,
          "unitPrice": 7.56
        },
        {
          "date": "2021-10-22",
          "price": 1.79,
          "unitPrice": 7.16
        },
        {
          "date": "2021-05-06",
          "price": 1.49,
          "unitPrice": 5.96
        },
        {
          "date": "2020-10-29",
          "price": 1.69,
          "unitPrice": 6.76
        },
        {
          "date": "2020-09-24",
          "price": 1.89,
          "unitPrice": 7.56
        },
        {
          "date": "2020-05-07",
          "price": 1.69,
          "unitPrice": 6.76
        },
        {
          "date": "2020-04-15",
          "price": 1.89,
          "unitPrice": 7.56
        },
        {
          "date": "2020-01-30",
          "price": 1.95,
          "unitPrice": 7.8
        },
        {
          "date": "2020-01-09",
          "price": 1.69,
          "unitPrice": 6.76
        },
        {
          "date": "2018-10-09",
          "price": 1.89,
          "unitPrice": 7.56
        },
        {
          "date": "2017-08-04",
          "price": 1.79,
          "unitPrice": 7.16
        },
        {
          "date": "2017-05-31",
          "price": 1.69,
          "unitPrice": 6.76
        },
        {
          "date": "2017-05-22",
          "price": 1.79,
          "unitPrice": 7.16
        },
        {
          "date": "2017-04-05",
          "price": 1.89,
          "unitPrice": 7.56
        }
      ],
      "isWeighted": false,
      "unit": "g",
      "quantity": 250,
      "bio": false,
      "url": "",
      "search": "clever pizzakäse gerieben 250 g"
    },
    {
      "store": "spar",
      "id": "2020001607464",
      "name": "S-BUDGET Pizzakäse gerieben",
      "category": "33",
      "unavailable": false,
      "price": 2.29,
      "priceHistory": [
        {
          "date": "2023-06-22",
          "price": 2.29,
          "unitPrice": 9.16
        },
        {
          "date": "2023-02-02",
          "price": 2.49,
          "unitPrice": 9.96
        },
        {
          "date": "2023-01-18",
          "price": 2.09,
          "unitPrice": 8.36
        },
        {
          "date": "2022-11-15",
          "price": 2.49,
          "unitPrice": 9.96
        },
        {
          "date": "2022-09-30",
          "price": 2.19,
          "unitPrice": 8.76
        },
        {
          "date": "2022-02-08",
          "price": 1.89,
          "unitPrice": 7.56
        },
        {
          "date": "2021-11-01",
          "price": 1.79,
          "unitPrice": 7.16
        },
        {
          "date": "2021-05-14",
          "price": 1.49,
          "unitPrice": 5.96
        },
        {
          "date": "2021-01-06",
          "price": 1.69,
          "unitPrice": 6.76
        },
        {
          "date": "2020-10-28",
          "price": 1.89,
          "unitPrice": 7.56
        },
        {
          "date": "2020-05-13",
          "price": 1.69,
          "unitPrice": 6.76
        },
        {
          "date": "2020-03-17",
          "price": 1.89,
          "unitPrice": 7.56
        },
        {
          "date": "2019-12-04",
          "price": 1.69,
          "unitPrice": 6.76
        },
        {
          "date": "2018-10-16",
          "price": 1.89,
          "unitPrice": 7.56
        },
        {
          "date": "2017-10-03",
          "price": 1.79,
          "unitPrice": 7.16
        },
        {
          "date": "2017-06-15",
          "price": 1.69,
          "unitPrice": 6.76
        },
        {
          "date": "2017-04-20",
          "price": 1.85,
          "unitPrice": 7.4
        }
      ],
      "isWeighted": false,
      "unit": "g",
      "quantity": 250,
      "bio": false,
      "url": "",
      "search": "s-budget pizzakäse gerieben 250 g"
    },
    {
      "store": "billa",
      "id": "00-504192",
      "name": "Clever Pusztagemüse",
      "category": "44",
      "unavailable": false,
      "price": 1.99,
      "priceHistory": [
        {
          "date": "2023-05-25",
          "price": 1.99,
          "unitPrice": 1.99
        },
        {
          "date": "2023-03-16",
          "price": 2.15,
          "unitPrice": 2.15
        },
        {
          "date": "2023-02-23",
          "price": 1.89,
          "unitPrice": 1.89
        },
        {
          "date": "2022-09-19",
          "price": 2.15,
          "unitPrice": 2.15
        },
        {
          "date": "2022-05-06",
          "price": 1.99,
          "unitPrice": 1.99
        },
        {
          "date": "2022-02-04",
          "price": 1.89,
          "unitPrice": 1.89
        },
        {
          "date": "2021-01-21",
          "price": 1.79,
          "unitPrice": 1.79
        },
        {
          "date": "2019-09-17",
          "price": 1.65,
          "unitPrice": 1.65
        },
        {
          "date": "2019-06-01",
          "price": 1.49,
          "unitPrice": 1.49
        },
        {
          "date": "2018-11-29",
          "price": 1.65,
          "unitPrice": 1.65
        },
        {
          "date": "2017-04-05",
          "price": 1.55,
          "unitPrice": 1.55
        }
      ],
      "isWeighted": false,
      "unit": "g",
      "quantity": 1000,
      "bio": false,
      "url": "",
      "search": "clever pusztagemüse 1000 g"
    },
    {
      "store": "spar",
      "id": "2020001540419",
      "name": "S-BUDGET Puszta-Gemüse",
      "category": "41",
      "unavailable": false,
      "price": 1.99,
      "priceHistory": [
        {
          "date": "2023-04-21",
          "price": 1.99,
          "unitPrice": 1.99
        },
        {
          "date": "2023-03-16",
          "price": 1.89,
          "unitPrice": 1.89
        },
        {
          "date": "2023-01-17",
          "price": 2.29,
          "unitPrice": 2.29
        },
        {
          "date": "2022-03-01",
          "price": 1.89,
          "unitPrice": 1.89
        },
        {
          "date": "2021-08-10",
          "price": 1.79,
          "unitPrice": 1.79
        },
        {
          "date": "2019-12-04",
          "price": 1.65,
          "unitPrice": 1.65
        },
        {
          "date": "2019-10-02",
          "price": 1.49,
          "unitPrice": 1.49
        },
        {
          "date": "2019-01-12",
          "price": 1.65,
          "unitPrice": 1.65
        },
        {
          "date": "2017-11-21",
          "price": 1.49,
          "unitPrice": 1.49
        }
      ],
      "isWeighted": false,
      "unit": "g",
      "quantity": 1000,
      "bio": false,
      "url": "",
      "search": "s-budget puszta-gemüse 1000 g"
    },
    {
      "store": "billa",
      "id": "00-634069",
      "name": "Clever Rahmcamembert",
      "category": "33",
      "unavailable": false,
      "price": 2.29,
      "priceHistory": [
        {
          "date": "2022-09-01",
          "price": 2.29,
          "unitPrice": 9.16
        },
        {
          "date": "2022-06-14",
          "price": 1.99,
          "unitPrice": 7.96
        },
        {
          "date": "2022-03-24",
          "price": 1.79,
          "unitPrice": 7.16
        },
        {
          "date": "2022-02-11",
          "price": 1.89,
          "unitPrice": 7.56
        },
        {
          "date": "2021-08-02",
          "price": 1.79,
          "unitPrice": 7.16
        },
        {
          "date": "2021-04-15",
          "price": 1.49,
          "unitPrice": 5.96
        },
        {
          "date": "2021-01-14",
          "price": 1.79,
          "unitPrice": 7.16
        },
        {
          "date": "2019-03-21",
          "price": 1.89,
          "unitPrice": 7.56
        },
        {
          "date": "2018-01-04",
          "price": 1.79,
          "unitPrice": 7.16
        },
        {
          "date": "2017-09-19",
          "price": 1.69,
          "unitPrice": 6.76
        }
      ],
      "isWeighted": false,
      "unit": "g",
      "quantity": 250,
      "bio": false,
      "url": "",
      "search": "clever rahmcamembert 250 g"
    },
    {
      "store": "spar",
      "id": "2020003423321",
      "name": "S-BUDGET Rahm-Camembert",
      "category": "33",
      "unavailable": false,
      "price": 2.29,
      "priceHistory": [
        {
          "date": "2022-09-30",
          "price": 2.29,
          "unitPrice": 9.16
        },
        {
          "date": "2022-03-16",
          "price": 1.79,
          "unitPrice": 7.16
        },
        {
          "date": "2022-02-08",
          "price": 1.89,
          "unitPrice": 7.56
        },
        {
          "date": "2021-08-03",
          "price": 1.79,
          "unitPrice": 7.16
        },
        {
          "date": "2021-04-20",
          "price": 1.49,
          "unitPrice": 5.96
        },
        {
          "date": "2020-11-04",
          "price": 1.79,
          "unitPrice": 7.16
        },
        {
          "date": "2020-06-11",
          "price": 1.69,
          "unitPrice": 6.76
        }
      ],
      "isWeighted": false,
      "unit": "g",
      "quantity": 250,
      "bio": false,
      "url": "",
      "search": "s-budget rahm-camembert 250 g"
    },
    {
      "store": "billa",
      "id": "00-374363",
      "name": "Clever Rapsöl 1 Lt",
      "category": "53",
      "unavailable": false,
      "price": 2.99,
      "priceHistory": [
        {
          "date": "2023-06-06",
          "price": 2.99,
          "unitPrice": 2.99
        },
        {
          "date": "2023-03-16",
          "price": 3.25,
          "unitPrice": 3.25
        },
        {
          "date": "2022-12-07",
          "price": 3.29,
          "unitPrice": 3.29
        },
        {
          "date": "2022-08-10",
          "price": 2.99,
          "unitPrice": 2.99
        },
        {
          "date": "2022-07-11",
          "price": 2.39,
          "unitPrice": 2.39
        },
        {
          "date": "2022-03-17",
          "price": 2.25,
          "unitPrice": 2.25
        },
        {
          "date": "2022-03-14",
          "price": 1.99,
          "unitPrice": 1.99
        },
        {
          "date": "2021-11-22",
          "price": 1.89,
          "unitPrice": 1.89
        },
        {
          "date": "2021-10-18",
          "price": 1.69,
          "unitPrice": 1.69
        },
        {
          "date": "2017-12-06",
          "price": 1.49,
          "unitPrice": 1.49
        },
        {
          "date": "2017-04-05",
          "price": 1.39,
          "unitPrice": 1.39
        }
      ],
      "isWeighted": false,
      "unit": "ml",
      "quantity": 1000,
      "bio": false,
      "url": "",
      "search": "clever rapsöl 1 lt 1000 ml"
    },
    {
      "store": "spar",
      "id": "2020000850823",
      "name": "S-BUDGET 100% Reines Rapsöl",
      "category": "53",
      "unavailable": false,
      "price": 2.99,
      "priceHistory": [
        {
          "date": "2023-04-21",
          "price": 2.99,
          "unitPrice": 2.99
        },
        {
          "date": "2022-12-21",
          "price": 3.29,
          "unitPrice": 3.29
        },
        {
          "date": "2022-09-30",
          "price": 2.99,
          "unitPrice": 2.99
        },
        {
          "date": "2022-04-09",
          "price": 2.25,
          "unitPrice": 2.25
        },
        {
          "date": "2022-02-16",
          "price": 1.99,
          "unitPrice": 1.99
        },
        {
          "date": "2021-11-04",
          "price": 1.89,
          "unitPrice": 1.89
        },
        {
          "date": "2021-09-15",
          "price": 1.99,
          "unitPrice": 1.99
        },
        {
          "date": "2017-11-29",
          "price": 1.49,
          "unitPrice": 1.49
        },
        {
          "date": "2017-05-09",
          "price": 1.39,
          "unitPrice": 1.39
        }
      ],
      "isWeighted": false,
      "unit": "ml",
      "quantity": 1000,
      "bio": false,
      "url": "",
      "search": "s-budget 100% reines rapsöl 1000 ml"
    },
    {
      "store": "billa",
      "id": "00-771945",
      "name": "Clever Rauchfleisch Aufstrich",
      "category": "57",
      "unavailable": false,
      "price": 1.09,
      "priceHistory": [
        {
          "date": "2023-06-22",
          "price": 1.09,
          "unitPrice": 7.266666666666667
        },
        {
          "date": "2023-02-28",
          "price": 1.05,
          "unitPrice": 7
        },
        {
          "date": "2022-12-15",
          "price": 0.99,
          "unitPrice": 6.6
        },
        {
          "date": "2022-10-13",
          "price": 0.89,
          "unitPrice": 5.933333333333333
        },
        {
          "date": "2022-10-11",
          "price": 0.99,
          "unitPrice": 6.6
        },
        {
          "date": "2019-12-19",
          "price": 0.85,
          "unitPrice": 5.666666666666666
        },
        {
          "date": "2017-10-26",
          "price": 0.75,
          "unitPrice": 5
        },
        {
          "date": "2017-04-05",
          "price": 0.69,
          "unitPrice": 4.6
        }
      ],
      "isWeighted": false,
      "unit": "g",
      "quantity": 150,
      "bio": false,
      "url": "",
      "search": "clever rauchfleisch aufstrich 150 g"
    },
    {
      "store": "spar",
      "id": "7229114",
      "name": "S-BUDGET Selchfleischaufstrich",
      "category": "57",
      "unavailable": false,
      "price": 1.09,
      "priceHistory": [
        {
          "date": "2023-06-20",
          "price": 1.09,
          "unitPrice": 7.266666666666667
        },
        {
          "date": "2023-02-28",
          "price": 1.05,
          "unitPrice": 7
        },
        {
          "date": "2022-12-21",
          "price": 0.99,
          "unitPrice": 6.6
        },
        {
          "date": "2022-09-30",
          "price": 0.89,
          "unitPrice": 5.933333333333333
        },
        {
          "date": "2022-03-16",
          "price": 0.83,
          "unitPrice": 5.533333333333333
        },
        {
          "date": "2021-07-28",
          "price": 0.75,
          "unitPrice": 5
        },
        {
          "date": "2019-12-18",
          "price": 0.85,
          "unitPrice": 5.666666666666666
        },
        {
          "date": "2018-11-14",
          "price": 0.75,
          "unitPrice": 5
        },
        {
          "date": "2017-04-20",
          "price": 0.69,
          "unitPrice": 4.6
        }
      ],
      "isWeighted": false,
      "unit": "g",
      "quantity": 150,
      "bio": false,
      "url": "",
      "search": "s-budget selchfleischaufstrich 150 g"
    },
    {
      "store": "billa",
      "id": "00-435758",
      "name": "Clever Regenbogen Forellenfilet Geräuchert",
      "category": "39",
      "unavailable": false,
      "price": 2.79,
      "priceHistory": [
        {
          "date": "2023-06-26",
          "price": 2.79,
          "unitPrice": 22.32
        },
        {
          "date": "2023-02-16",
          "price": 2.69,
          "unitPrice": 21.52
        },
        {
          "date": "2023-02-09",
          "price": 2.59,
          "unitPrice": 20.72
        },
        {
          "date": "2022-08-16",
          "price": 2.39,
          "unitPrice": 19.12
        },
        {
          "date": "2022-06-08",
          "price": 2.19,
          "unitPrice": 17.52
        }
      ],
      "isWeighted": false,
      "unit": "g",
      "quantity": 125,
      "bio": false,
      "url": "",
      "search": "clever regenbogen forellenfilet geräuchert 125 g"
    },
    {
      "store": "spar",
      "id": "2020002031121",
      "name": "S-BUDGET Regenbogenforellenfilets 2 Stück",
      "category": "39",
      "unavailable": false,
      "price": 2.79,
      "priceHistory": [
        {
          "date": "2023-06-06",
          "price": 2.79,
          "unitPrice": 22.32
        },
        {
          "date": "2023-02-22",
          "price": 2.69,
          "unitPrice": 21.52
        },
        {
          "date": "2022-09-30",
          "price": 2.59,
          "unitPrice": 20.72
        },
        {
          "date": "2021-10-28",
          "price": 1.99,
          "unitPrice": 15.92
        },
        {
          "date": "2021-06-15",
          "price": 1.79,
          "unitPrice": 14.32
        },
        {
          "date": "2018-01-04",
          "price": 1.99,
          "unitPrice": 15.92
        }
      ],
      "isWeighted": false,
      "unit": "g",
      "quantity": 125,
      "bio": false,
      "url": "",
      "search": "s-budget regenbogenforellenfilets 2 stück 125 g"
    },
    {
      "store": "billa",
      "id": "00-829484",
      "name": "Clever Roggenvollkornbrot",
      "category": "11",
      "unavailable": false,
      "price": 0.99,
      "priceHistory": [
        {
          "date": "2023-03-25",
          "price": 0.99,
          "unitPrice": 1.98
        },
        {
          "date": "2022-08-19",
          "price": 0.89,
          "unitPrice": 1.78
        },
        {
          "date": "2022-01-20",
          "price": 0.85,
          "unitPrice": 1.7
        },
        {
          "date": "2018-02-14",
          "price": 0.75,
          "unitPrice": 1.5
        }
      ],
      "isWeighted": false,
      "unit": "g",
      "quantity": 500,
      "bio": false,
      "url": "",
      "search": "clever roggenvollkornbrot 500 g"
    },
    {
      "store": "spar",
      "id": "1603521",
      "name": "S-BUDGET Roggen-Vollkornbrot mit Sonnenblumenkernen",
      "category": "11",
      "unavailable": false,
      "price": 0.99,
      "priceHistory": [
        {
          "date": "2023-02-05",
          "price": 0.99,
          "unitPrice": 1.98
        },
        {
          "date": "2022-09-30",
          "price": 0.89,
          "unitPrice": 1.78
        },
        {
          "date": "2022-01-19",
          "price": 0.85,
          "unitPrice": 1.7
        },
        {
          "date": "2017-04-20",
          "price": 0.75,
          "unitPrice": 1.5
        }
      ],
      "isWeighted": false,
      "unit": "g",
      "quantity": 500,
      "bio": false,
      "url": "",
      "search": "s-budget roggen-vollkornbrot mit sonnenblumenkernen 500 g"
    },
    {
      "store": "billa",
      "id": "00-715222",
      "name": "Clever Räucherlachs",
      "category": "39",
      "unavailable": false,
      "price": 5.49,
      "priceHistory": [
        {
          "date": "2023-02-22",
          "price": 5.49,
          "unitPrice": 27.450000000000003
        }
      ],
      "isWeighted": false,
      "unit": "g",
      "quantity": 200,
      "bio": false,
      "url": "",
      "search": "clever räucherlachs 200 g"
    },
    {
      "store": "spar",
      "id": "2020002048365",
      "name": "S-BUDGET Norwegischer Räucherlachs",
      "category": "39",
      "unavailable": false,
      "price": 5.49,
      "priceHistory": [
        {
          "date": "2023-01-24",
          "price": 5.49,
          "unitPrice": 27.450000000000003
        },
        {
          "date": "2022-09-30",
          "price": 4.99,
          "unitPrice": 24.95
        },
        {
          "date": "2022-02-02",
          "price": 4.49,
          "unitPrice": 22.450000000000003
        },
        {
          "date": "2020-12-16",
          "price": 3.99,
          "unitPrice": 19.950000000000003
        },
        {
          "date": "2020-02-12",
          "price": 4.49,
          "unitPrice": 22.450000000000003
        },
        {
          "date": "2019-02-24",
          "price": 4.79,
          "unitPrice": 23.95
        },
        {
          "date": "2017-12-30",
          "price": 4.99,
          "unitPrice": 24.95
        }
      ],
      "isWeighted": false,
      "unit": "g",
      "quantity": 200,
      "bio": false,
      "url": "",
      "search": "s-budget norwegischer räucherlachs 200 g"
    },
    {
      "store": "billa",
      "id": "00-813032",
      "name": "Clever Röstkaffee gemahlen",
      "category": "22",
      "unavailable": false,
      "price": 2.69,
      "priceHistory": [
        {
          "date": "2022-09-19",
          "price": 2.69,
          "unitPrice": 5.38
        },
        {
          "date": "2022-05-04",
          "price": 2.49,
          "unitPrice": 4.98
        },
        {
          "date": "2022-02-03",
          "price": 2.99,
          "unitPrice": 5.98
        },
        {
          "date": "2018-02-14",
          "price": 2.19,
          "unitPrice": 4.38
        }
      ],
      "isWeighted": false,
      "unit": "g",
      "quantity": 500,
      "bio": false,
      "url": "",
      "search": "clever röstkaffee gemahlen 500 g"
    },
    {
      "store": "spar",
      "id": "6612214",
      "name": "S-BUDGET Caffè Classico gemahlen",
      "category": "22",
      "unavailable": false,
      "price": 2.69,
      "priceHistory": [
        {
          "date": "2022-09-30",
          "price": 2.69,
          "unitPrice": 5.38
        },
        {
          "date": "2022-04-28",
          "price": 2.49,
          "unitPrice": 4.98
        },
        {
          "date": "2021-12-08",
          "price": 2.25,
          "unitPrice": 4.5
        },
        {
          "date": "2021-08-25",
          "price": 1.99,
          "unitPrice": 3.98
        },
        {
          "date": "2017-04-20",
          "price": 2.19,
          "unitPrice": 4.38
        }
      ],
      "isWeighted": false,
      "unit": "g",
      "quantity": 500,
      "bio": false,
      "url": "",
      "search": "s-budget caffè classico gemahlen 500 g"
    },
    {
      "store": "billa",
      "id": "00-405996",
      "name": "Clever Sauerkraut",
      "category": "57",
      "unavailable": false,
      "price": 0.69,
      "priceHistory": [
        {
          "date": "2023-03-28",
          "price": 0.69,
          "unitPrice": 1.38
        },
        {
          "date": "2023-02-14",
          "price": 0.59,
          "unitPrice": 1.18
        },
        {
          "date": "2022-10-18",
          "price": 0.69,
          "unitPrice": 1.38
        },
        {
          "date": "2017-04-05",
          "price": 0.59,
          "unitPrice": 1.18
        }
      ],
      "isWeighted": false,
      "unit": "g",
      "quantity": 500,
      "bio": false,
      "url": "",
      "search": "clever sauerkraut 500 g"
    },
    {
      "store": "spar",
      "id": "2020004026002",
      "name": "S-BUDGET Sauerkraut",
      "category": "57",
      "unavailable": false,
      "price": 0.69,
      "priceHistory": [
        {
          "date": "2023-01-30",
          "price": 0.69,
          "unitPrice": 1.38
        },
        {
          "date": "2022-01-15",
          "price": 0.59,
          "unitPrice": 1.18
        }
      ],
      "isWeighted": false,
      "unit": "g",
      "quantity": 500,
      "bio": false,
      "url": "",
      "search": "s-budget sauerkraut 500 g"
    },
    {
      "store": "billa",
      "id": "00-420428",
      "name": "Clever Sauerrahm 15%",
      "category": "34",
      "unavailable": false,
      "price": 0.79,
      "priceHistory": [
        {
          "date": "2023-04-06",
          "price": 0.79,
          "unitPrice": 3.16
        },
        {
          "date": "2022-12-01",
          "price": 0.85,
          "unitPrice": 3.4
        },
        {
          "date": "2022-06-09",
          "price": 0.75,
          "unitPrice": 3
        },
        {
          "date": "2022-02-17",
          "price": 0.65,
          "unitPrice": 2.6
        },
        {
          "date": "2021-11-05",
          "price": 0.59,
          "unitPrice": 2.36
        },
        {
          "date": "2021-06-03",
          "price": 0.49,
          "unitPrice": 1.96
        },
        {
          "date": "2020-08-17",
          "price": 0.59,
          "unitPrice": 2.36
        },
        {
          "date": "2020-01-30",
          "price": 0.65,
          "unitPrice": 2.6
        },
        {
          "date": "2018-10-06",
          "price": 0.59,
          "unitPrice": 2.36
        },
        {
          "date": "2018-05-07",
          "price": 0.55,
          "unitPrice": 2.2
        },
        {
          "date": "2017-07-18",
          "price": 0.59,
          "unitPrice": 2.36
        },
        {
          "date": "2017-04-05",
          "price": 0.55,
          "unitPrice": 2.2
        }
      ],
      "isWeighted": false,
      "unit": "g",
      "quantity": 250,
      "bio": false,
      "url": "",
      "search": "clever sauerrahm 15% 250 g"
    },
    {
      "store": "spar",
      "id": "2020000684961",
      "name": "S-BUDGET Österreichischer Sauerrahm 15% Fett",
      "category": "34",
      "unavailable": false,
      "price": 0.79,
      "priceHistory": [
        {
          "date": "2023-04-14",
          "price": 0.79,
          "unitPrice": 3.16
        },
        {
          "date": "2022-11-17",
          "price": 0.85,
          "unitPrice": 3.4
        },
        {
          "date": "2022-09-30",
          "price": 0.75,
          "unitPrice": 3
        },
        {
          "date": "2022-02-20",
          "price": 0.65,
          "unitPrice": 2.6
        },
        {
          "date": "2022-02-13",
          "price": 0.62,
          "unitPrice": 2.48
        },
        {
          "date": "2021-11-09",
          "price": 0.59,
          "unitPrice": 2.36
        },
        {
          "date": "2021-06-20",
          "price": 0.49,
          "unitPrice": 1.96
        },
        {
          "date": "2020-08-18",
          "price": 0.59,
          "unitPrice": 2.36
        },
        {
          "date": "2020-03-07",
          "price": 0.65,
          "unitPrice": 2.6
        },
        {
          "date": "2018-10-13",
          "price": 0.59,
          "unitPrice": 2.36
        },
        {
          "date": "2018-05-16",
          "price": 0.55,
          "unitPrice": 2.2
        },
        {
          "date": "2017-07-20",
          "price": 0.59,
          "unitPrice": 2.36
        },
        {
          "date": "2017-04-20",
          "price": 0.55,
          "unitPrice": 2.2
        }
      ],
      "isWeighted": false,
      "unit": "g",
      "quantity": 250,
      "bio": false,
      "url": "",
      "search": "s-budget österreichischer sauerrahm 15% fett 250 g"
    },
    {
      "store": "billa",
      "id": "00-875888",
      "name": "Clever Schmelzkäse Eckerl",
      "category": "33",
      "unavailable": false,
      "price": 3.29,
      "priceHistory": [
        {
          "date": "2023-05-25",
          "price": 3.29,
          "unitPrice": 8.225
        },
        {
          "date": "2022-12-12",
          "price": 3.49,
          "unitPrice": 8.725
        },
        {
          "date": "2022-09-01",
          "price": 2.89,
          "unitPrice": 7.2250000000000005
        },
        {
          "date": "2022-06-14",
          "price": 2.69,
          "unitPrice": 6.725
        },
        {
          "date": "2022-03-03",
          "price": 2.19,
          "unitPrice": 5.475
        },
        {
          "date": "2021-10-23",
          "price": 1.99,
          "unitPrice": 4.9750000000000005
        },
        {
          "date": "2021-09-02",
          "price": 2.19,
          "unitPrice": 5.475
        },
        {
          "date": "2020-02-13",
          "price": 1.99,
          "unitPrice": 4.9750000000000005
        },
        {
          "date": "2019-01-30",
          "price": 1.95,
          "unitPrice": 4.875
        }
      ],
      "isWeighted": false,
      "unit": "g",
      "quantity": 400,
      "bio": false,
      "url": "",
      "search": "clever schmelzkäse eckerl 400 g"
    },
    {
      "store": "spar",
      "id": "6985837",
      "name": "S-BUDGET Schmelzkäse Eckerl Natur 16 Stück",
      "category": "33",
      "unavailable": false,
      "price": 3.29,
      "priceHistory": [
        {
          "date": "2023-06-15",
          "price": 3.29,
          "unitPrice": 8.225
        },
        {
          "date": "2022-12-21",
          "price": 3.49,
          "unitPrice": 8.725
        },
        {
          "date": "2022-09-30",
          "price": 2.89,
          "unitPrice": 7.2250000000000005
        },
        {
          "date": "2022-03-09",
          "price": 2.19,
          "unitPrice": 5.475
        },
        {
          "date": "2020-02-26",
          "price": 1.99,
          "unitPrice": 4.9750000000000005
        },
        {
          "date": "2018-10-16",
          "price": 1.95,
          "unitPrice": 4.875
        },
        {
          "date": "2017-11-11",
          "price": 1.85,
          "unitPrice": 4.625000000000001
        },
        {
          "date": "2017-04-20",
          "price": 1.79,
          "unitPrice": 4.475
        }
      ],
      "isWeighted": false,
      "unit": "g",
      "quantity": 400,
      "bio": false,
      "url": "",
      "search": "s-budget schmelzkäse eckerl natur 16 stück 400 g"
    },
    {
      "store": "billa",
      "id": "00-506156",
      "name": "Clever Schmelzkäse Eckerl Mix",
      "category": "33",
      "unavailable": false,
      "price": 2.19,
      "priceHistory": [
        {
          "date": "2023-05-25",
          "price": 2.19,
          "unitPrice": 8.76
        },
        {
          "date": "2022-12-12",
          "price": 2.29,
          "unitPrice": 9.16
        },
        {
          "date": "2022-09-07",
          "price": 1.99,
          "unitPrice": 7.96
        }
      ],
      "isWeighted": false,
      "unit": "g",
      "quantity": 250,
      "bio": false,
      "url": "",
      "search": "clever schmelzkäse eckerl mix 250 g"
    },
    {
      "store": "spar",
      "id": "2153100",
      "name": "S-BUDGET Schmelzkäse Eckerl Mix 8 Stück",
      "category": "33",
      "unavailable": false,
      "price": 2.19,
      "priceHistory": [
        {
          "date": "2023-05-16",
          "price": 2.19,
          "unitPrice": 8.76
        },
        {
          "date": "2022-12-21",
          "price": 2.29,
          "unitPrice": 9.16
        },
        {
          "date": "2022-09-30",
          "price": 1.99,
          "unitPrice": 7.96
        },
        {
          "date": "2022-03-09",
          "price": 1.59,
          "unitPrice": 6.36
        },
        {
          "date": "2020-02-26",
          "price": 1.49,
          "unitPrice": 5.96
        },
        {
          "date": "2018-10-16",
          "price": 1.45,
          "unitPrice": 5.8
        },
        {
          "date": "2018-03-27",
          "price": 1.39,
          "unitPrice": 5.56
        },
        {
          "date": "2018-01-31",
          "price": 1.45,
          "unitPrice": 5.8
        },
        {
          "date": "2018-01-27",
          "price": 1.38,
          "unitPrice": 5.52
        },
        {
          "date": "2017-10-03",
          "price": 1.45,
          "unitPrice": 5.8
        },
        {
          "date": "2017-04-20",
          "price": 1.39,
          "unitPrice": 5.56
        }
      ],
      "isWeighted": false,
      "unit": "g",
      "quantity": 250,
      "bio": false,
      "url": "",
      "search": "s-budget schmelzkäse eckerl mix 8 stück 250 g"
    },
    {
      "store": "billa",
      "id": "00-426153",
      "name": "Clever Schoko-Butterkekse Vollmilch",
      "category": "64",
      "unavailable": false,
      "price": 1.99,
      "priceHistory": [
        {
          "date": "2023-05-23",
          "price": 1.99,
          "unitPrice": 7.96
        },
        {
          "date": "2022-10-06",
          "price": 1.78,
          "unitPrice": 7.12
        },
        {
          "date": "2022-08-25",
          "price": 1.58,
          "unitPrice": 6.32
        },
        {
          "date": "2021-11-27",
          "price": 1.48,
          "unitPrice": 5.92
        },
        {
          "date": "2021-11-25",
          "price": 1.11,
          "unitPrice": 4.44
        },
        {
          "date": "2020-01-02",
          "price": 1.48,
          "unitPrice": 5.92
        },
        {
          "date": "2019-10-24",
          "price": 1.59,
          "unitPrice": 6.36
        },
        {
          "date": "2018-09-16",
          "price": 1.48,
          "unitPrice": 5.92
        },
        {
          "date": "2017-04-05",
          "price": 1.38,
          "unitPrice": 5.52
        }
      ],
      "isWeighted": false,
      "unit": "g",
      "quantity": 250,
      "bio": false,
      "url": "",
      "search": "clever schoko-butterkekse vollmilch 250 g"
    },
    {
      "store": "spar",
      "id": "1569520",
      "name": "S-BUDGET Schoko-Butterkekse Vollmilchschokolade 2x125g",
      "category": "64",
      "unavailable": false,
      "price": 1.99,
      "priceHistory": [
        {
          "date": "2023-04-07",
          "price": 1.99,
          "unitPrice": 7.96
        },
        {
          "date": "2022-09-30",
          "price": 1.78,
          "unitPrice": 7.12
        },
        {
          "date": "2021-10-22",
          "price": 1.48,
          "unitPrice": 5.92
        },
        {
          "date": "2020-08-05",
          "price": 1.38,
          "unitPrice": 5.52
        },
        {
          "date": "2018-09-05",
          "price": 1.48,
          "unitPrice": 5.92
        },
        {
          "date": "2017-04-20",
          "price": 1.38,
          "unitPrice": 5.52
        }
      ],
      "isWeighted": false,
      "unit": "g",
      "quantity": 250,
      "bio": false,
      "url": "",
      "search": "s-budget schoko-butterkekse vollmilchschokolade 2x125g 250 g"
    },
    {
      "store": "billa",
      "id": "00-644014",
      "name": "Clever Schokobananen",
      "category": "64",
      "unavailable": false,
      "price": 3.29,
      "priceHistory": [
        {
          "date": "2023-04-22",
          "price": 3.29,
          "unitPrice": 5.483333333333333
        },
        {
          "date": "2022-12-05",
          "price": 2.99,
          "unitPrice": 4.983333333333333
        },
        {
          "date": "2022-09-01",
          "price": 2.79,
          "unitPrice": 4.65
        },
        {
          "date": "2022-05-13",
          "price": 2.59,
          "unitPrice": 4.316666666666666
        },
        {
          "date": "2021-11-27",
          "price": 2.49,
          "unitPrice": 4.15
        },
        {
          "date": "2021-11-25",
          "price": 1.87,
          "unitPrice": 3.1166666666666667
        },
        {
          "date": "2020-01-16",
          "price": 2.49,
          "unitPrice": 4.15
        },
        {
          "date": "2020-01-02",
          "price": 2.39,
          "unitPrice": 3.9833333333333334
        },
        {
          "date": "2019-10-24",
          "price": 2.49,
          "unitPrice": 4.15
        },
        {
          "date": "2018-03-15",
          "price": 2.39,
          "unitPrice": 3.9833333333333334
        },
        {
          "date": "2017-04-05",
          "price": 2.38,
          "unitPrice": 3.966666666666666
        }
      ],
      "isWeighted": false,
      "unit": "g",
      "quantity": 600,
      "bio": false,
      "url": "",
      "search": "clever schokobananen 600 g"
    },
    {
      "store": "spar",
      "id": "2020004204103",
      "name": "S-BUDGET Schoko-Bananen",
      "category": "64",
      "unavailable": false,
      "price": 3.29,
      "priceHistory": [
        {
          "date": "2023-04-07",
          "price": 3.29,
          "unitPrice": 5.483333333333333
        },
        {
          "date": "2023-03-24",
          "price": 2.99,
          "unitPrice": 4.983333333333333
        },
        {
          "date": "2023-02-08",
          "price": 2.79,
          "unitPrice": 4.65
        },
        {
          "date": "2022-12-06",
          "price": 2.99,
          "unitPrice": 4.983333333333333
        },
        {
          "date": "2022-09-30",
          "price": 2.79,
          "unitPrice": 4.65
        }
      ],
      "isWeighted": false,
      "unit": "g",
      "quantity": 600,
      "bio": false,
      "url": "",
      "search": "s-budget schoko-bananen 600 g"
    },
    {
      "store": "billa",
      "id": "00-621279",
      "name": "Clever Schokolade Pudding mit Sahne",
      "category": "34",
      "unavailable": false,
      "price": 0.49,
      "priceHistory": [
        {
          "date": "2022-12-27",
          "price": 0.49,
          "unitPrice": 2.4499999999999997
        },
        {
          "date": "2022-08-23",
          "price": 0.45,
          "unitPrice": 2.2500000000000004
        },
        {
          "date": "2022-06-02",
          "price": 0.39,
          "unitPrice": 1.9500000000000002
        },
        {
          "date": "2022-03-31",
          "price": 0.35,
          "unitPrice": 1.7499999999999998
        },
        {
          "date": "2021-10-19",
          "price": 0.29,
          "unitPrice": 1.45
        },
        {
          "date": "2020-04-21",
          "price": 0.27,
          "unitPrice": 1.35
        },
        {
          "date": "2020-01-30",
          "price": 0.29,
          "unitPrice": 1.45
        },
        {
          "date": "2017-11-23",
          "price": 0.27,
          "unitPrice": 1.35
        },
        {
          "date": "2017-04-05",
          "price": 0.25,
          "unitPrice": 1.25
        }
      ],
      "isWeighted": false,
      "unit": "g",
      "quantity": 200,
      "bio": false,
      "url": "",
      "search": "clever schokolade pudding mit sahne 200 g"
    },
    {
      "store": "spar",
      "id": "1651461",
      "name": "S-BUDGET Schokopudding mit Sahne",
      "category": "34",
      "unavailable": false,
      "price": 0.49,
      "priceHistory": [
        {
          "date": "2022-12-29",
          "price": 0.49,
          "unitPrice": 2.4499999999999997
        },
        {
          "date": "2022-09-30",
          "price": 0.45,
          "unitPrice": 2.2500000000000004
        },
        {
          "date": "2022-04-28",
          "price": 0.35,
          "unitPrice": 1.7499999999999998
        },
        {
          "date": "2022-03-23",
          "price": 0.29,
          "unitPrice": 1.45
        },
        {
          "date": "2022-02-13",
          "price": 0.31,
          "unitPrice": 1.55
        },
        {
          "date": "2021-10-29",
          "price": 0.29,
          "unitPrice": 1.45
        },
        {
          "date": "2021-01-22",
          "price": 0.27,
          "unitPrice": 1.35
        },
        {
          "date": "2021-01-06",
          "price": 0.18,
          "unitPrice": 0.9
        },
        {
          "date": "2020-04-29",
          "price": 0.27,
          "unitPrice": 1.35
        },
        {
          "date": "2020-03-07",
          "price": 0.29,
          "unitPrice": 1.45
        },
        {
          "date": "2018-02-16",
          "price": 0.27,
          "unitPrice": 1.35
        },
        {
          "date": "2017-06-15",
          "price": 0.25,
          "unitPrice": 1.25
        },
        {
          "date": "2017-04-20",
          "price": 0.29,
          "unitPrice": 1.45
        }
      ],
      "isWeighted": false,
      "unit": "g",
      "quantity": 200,
      "bio": false,
      "url": "",
      "search": "s-budget schokopudding mit sahne 200 g"
    },
    {
      "store": "billa",
      "id": "00-677672",
      "name": "Clever Schwammtücher",
      "category": "88",
      "unavailable": false,
      "price": 0.89,
      "priceHistory": [
        {
          "date": "2023-01-12",
          "price": 0.89,
          "unitPrice": 0.178
        },
        {
          "date": "2017-04-05",
          "price": 0.69,
          "unitPrice": 0.13799999999999998
        }
      ],
      "isWeighted": false,
      "unit": "stk",
      "quantity": 5,
      "bio": false,
      "url": "",
      "search": "clever schwammtücher 5 stk"
    },
    {
      "store": "spar",
      "id": "7896668",
      "name": "S-BUDGET Schwammtuch 5 Stk",
      "category": "88",
      "unavailable": false,
      "price": 0.89,
      "priceHistory": [
        {
          "date": "2023-01-16",
          "price": 0.89,
          "unitPrice": 0.178
        },
        {
          "date": "2022-09-30",
          "price": 0.79,
          "unitPrice": 0.158
        },
        {
          "date": "2020-04-20",
          "price": 0.75,
          "unitPrice": 0.15
        },
        {
          "date": "2020-04-17",
          "price": 0.64,
          "unitPrice": 0.128
        },
        {
          "date": "2017-04-20",
          "price": 0.75,
          "unitPrice": 0.15
        }
      ],
      "isWeighted": false,
      "unit": "stk",
      "quantity": 5,
      "bio": false,
      "url": "",
      "search": "s-budget schwammtuch 5 stk 5 stk"
    },
    {
      "store": "billa",
      "id": "00-610488",
      "name": "Clever Semmelbrösel",
      "category": "14",
      "unavailable": false,
      "price": 1.59,
      "priceHistory": [
        {
          "date": "2022-11-07",
          "price": 1.59,
          "unitPrice": 1.59
        },
        {
          "date": "2022-08-25",
          "price": 1.25,
          "unitPrice": 1.25
        },
        {
          "date": "2022-05-06",
          "price": 1.15,
          "unitPrice": 1.15
        },
        {
          "date": "2022-04-21",
          "price": 0.95,
          "unitPrice": 0.95
        },
        {
          "date": "2022-04-05",
          "price": 1.19,
          "unitPrice": 1.19
        },
        {
          "date": "2021-11-11",
          "price": 0.95,
          "unitPrice": 0.95
        },
        {
          "date": "2018-03-01",
          "price": 0.75,
          "unitPrice": 0.75
        },
        {
          "date": "2017-12-07",
          "price": 0.79,
          "unitPrice": 0.79
        },
        {
          "date": "2017-06-02",
          "price": 0.75,
          "unitPrice": 0.75
        },
        {
          "date": "2017-05-27",
          "price": 0.79,
          "unitPrice": 0.79
        },
        {
          "date": "2017-04-05",
          "price": 0.85,
          "unitPrice": 0.85
        }
      ],
      "isWeighted": false,
      "unit": "g",
      "quantity": 1000,
      "bio": false,
      "url": "",
      "search": "clever semmelbrösel 1000 g"
    },
    {
      "store": "spar",
      "id": "2020001578610",
      "name": "S-BUDGET Semmelbrösel",
      "category": "14",
      "unavailable": false,
      "price": 1.59,
      "priceHistory": [
        {
          "date": "2022-11-08",
          "price": 1.59,
          "unitPrice": 1.59
        },
        {
          "date": "2022-09-30",
          "price": 1.25,
          "unitPrice": 1.25
        },
        {
          "date": "2022-04-02",
          "price": 1.19,
          "unitPrice": 1.19
        },
        {
          "date": "2021-11-10",
          "price": 0.95,
          "unitPrice": 0.95
        },
        {
          "date": "2018-03-30",
          "price": 0.75,
          "unitPrice": 0.75
        },
        {
          "date": "2018-02-15",
          "price": 0.79,
          "unitPrice": 0.79
        },
        {
          "date": "2017-06-15",
          "price": 0.75,
          "unitPrice": 0.75
        },
        {
          "date": "2017-04-20",
          "price": 0.85,
          "unitPrice": 0.85
        }
      ],
      "isWeighted": false,
      "unit": "g",
      "quantity": 1000,
      "bio": false,
      "url": "",
      "search": "s-budget semmelbrösel 1000 g"
    },
    {
      "store": "billa",
      "id": "00-615168",
      "name": "Clever Semmelwürfel",
      "category": "14",
      "unavailable": false,
      "price": 0.99,
      "priceHistory": [
        {
          "date": "2022-08-25",
          "price": 0.99,
          "unitPrice": 1.98
        },
        {
          "date": "2022-05-03",
          "price": 0.95,
          "unitPrice": 1.9
        },
        {
          "date": "2022-01-21",
          "price": 0.89,
          "unitPrice": 1.78
        },
        {
          "date": "2021-11-11",
          "price": 0.79,
          "unitPrice": 1.58
        },
        {
          "date": "2017-12-07",
          "price": 0.69,
          "unitPrice": 1.38
        },
        {
          "date": "2017-04-05",
          "price": 0.65,
          "unitPrice": 1.3
        }
      ],
      "isWeighted": false,
      "unit": "g",
      "quantity": 500,
      "bio": false,
      "url": "",
      "search": "clever semmelwürfel 500 g"
    },
    {
      "store": "spar",
      "id": "2020003903137",
      "name": "S-BUDGET Semmelwürfel",
      "category": "14",
      "unavailable": false,
      "price": 0.99,
      "priceHistory": [
        {
          "date": "2022-09-30",
          "price": 0.99,
          "unitPrice": 1.98
        }
      ],
      "isWeighted": false,
      "unit": "g",
      "quantity": 500,
      "bio": false,
      "url": "",
      "search": "s-budget semmelwürfel 500 g"
    },
    {
      "store": "billa",
      "id": "00-314495",
      "name": "Clever Servietten",
      "category": "89",
      "unavailable": false,
      "price": 0.79,
      "priceHistory": [
        {
          "date": "2022-10-20",
          "price": 0.79,
          "unitPrice": 0.0079
        },
        {
          "date": "2022-09-19",
          "price": 0.69,
          "unitPrice": 0.0069
        },
        {
          "date": "2022-04-14",
          "price": 0.59,
          "unitPrice": 0.0059
        },
        {
          "date": "2022-03-24",
          "price": 0.55,
          "unitPrice": 0.0055000000000000005
        },
        {
          "date": "2021-04-07",
          "price": 0.49,
          "unitPrice": 0.0049
        },
        {
          "date": "2020-02-13",
          "price": 0.59,
          "unitPrice": 0.0059
        },
        {
          "date": "2019-10-09",
          "price": 0.49,
          "unitPrice": 0.0049
        }
      ],
      "isWeighted": false,
      "unit": "stk",
      "quantity": 100,
      "bio": false,
      "url": "",
      "search": "clever servietten 100 stk"
    },
    {
      "store": "spar",
      "id": "2020002981235",
      "name": "S-BUDGET weiss 30x30cm 100 Stück",
      "category": "83",
      "unavailable": false,
      "price": 0.79,
      "priceHistory": [
        {
          "date": "2022-11-07",
          "price": 0.79,
          "unitPrice": 0.0079
        },
        {
          "date": "2022-09-30",
          "price": 0.69,
          "unitPrice": 0.0069
        },
        {
          "date": "2022-04-28",
          "price": 0.59,
          "unitPrice": 0.0059
        },
        {
          "date": "2022-02-15",
          "price": 0.55,
          "unitPrice": 0.0055000000000000005
        },
        {
          "date": "2020-10-19",
          "price": 0.49,
          "unitPrice": 0.0049
        },
        {
          "date": "2019-10-19",
          "price": 0.59,
          "unitPrice": 0.0059
        }
      ],
      "isWeighted": false,
      "unit": "stk",
      "quantity": 100,
      "bio": false,
      "url": "",
      "search": "s-budget weiss 30x30cm 100 stück 100 stk"
    },
    {
      "store": "billa",
      "id": "00-616403",
      "name": "Clever Sirup Himbeer",
      "category": "20",
      "unavailable": false,
      "price": 3.49,
      "priceHistory": [
        {
          "date": "2023-02-02",
          "price": 3.49,
          "unitPrice": 2.326666666666667
        },
        {
          "date": "2022-10-31",
          "price": 3.99,
          "unitPrice": 2.66
        },
        {
          "date": "2022-09-19",
          "price": 3.49,
          "unitPrice": 2.326666666666667
        },
        {
          "date": "2022-03-22",
          "price": 3.29,
          "unitPrice": 2.1933333333333334
        },
        {
          "date": "2021-10-19",
          "price": 2.99,
          "unitPrice": 1.9933333333333334
        },
        {
          "date": "2020-06-04",
          "price": 2.49,
          "unitPrice": 1.6600000000000001
        },
        {
          "date": "2020-01-16",
          "price": 2.69,
          "unitPrice": 1.7933333333333332
        },
        {
          "date": "2018-08-09",
          "price": 2.49,
          "unitPrice": 1.6600000000000001
        },
        {
          "date": "2018-01-08",
          "price": 2.69,
          "unitPrice": 1.7933333333333332
        },
        {
          "date": "2017-12-06",
          "price": 2.79,
          "unitPrice": 1.86
        },
        {
          "date": "2017-04-05",
          "price": 2.49,
          "unitPrice": 1.6600000000000001
        }
      ],
      "isWeighted": false,
      "unit": "ml",
      "quantity": 1500,
      "bio": false,
      "url": "",
      "search": "clever sirup himbeer 1500 ml"
    },
    {
      "store": "spar",
      "id": "2020000433859",
      "name": "S-BUDGET Himbeer Sirup",
      "category": "20",
      "unavailable": false,
      "price": 3.49,
      "priceHistory": [
        {
          "date": "2023-02-08",
          "price": 3.49,
          "unitPrice": 2.326666666666667
        },
        {
          "date": "2022-11-15",
          "price": 3.99,
          "unitPrice": 2.66
        },
        {
          "date": "2022-10-11",
          "price": 3.49,
          "unitPrice": 2.326666666666667
        },
        {
          "date": "2022-02-09",
          "price": 3.29,
          "unitPrice": 2.1933333333333334
        },
        {
          "date": "2021-10-13",
          "price": 2.99,
          "unitPrice": 1.9933333333333334
        },
        {
          "date": "2021-01-13",
          "price": 2.49,
          "unitPrice": 1.6600000000000001
        },
        {
          "date": "2020-01-22",
          "price": 2.69,
          "unitPrice": 1.7933333333333332
        },
        {
          "date": "2018-08-08",
          "price": 2.49,
          "unitPrice": 1.6600000000000001
        },
        {
          "date": "2017-12-20",
          "price": 2.69,
          "unitPrice": 1.7933333333333332
        },
        {
          "date": "2017-06-15",
          "price": 2.49,
          "unitPrice": 1.6600000000000001
        },
        {
          "date": "2017-04-20",
          "price": 2.79,
          "unitPrice": 1.86
        }
      ],
      "isWeighted": false,
      "unit": "ml",
      "quantity": 1500,
      "bio": false,
      "url": "",
      "search": "s-budget himbeer sirup 1500 ml"
    },
    {
      "store": "billa",
      "id": "00-868687",
      "name": "Clever Sirup Himbeer-Zitrone",
      "category": "20",
      "unavailable": false,
      "price": 3.49,
      "priceHistory": [
        {
          "date": "2022-10-31",
          "price": 3.49,
          "unitPrice": 2.326666666666667
        },
        {
          "date": "2022-09-19",
          "price": 2.99,
          "unitPrice": 1.9933333333333334
        },
        {
          "date": "2022-07-21",
          "price": 2.89,
          "unitPrice": 1.9266666666666667
        },
        {
          "date": "2022-06-30",
          "price": 2.49,
          "unitPrice": 1.6600000000000001
        },
        {
          "date": "2022-03-22",
          "price": 2.69,
          "unitPrice": 1.7933333333333332
        },
        {
          "date": "2021-10-19",
          "price": 2.49,
          "unitPrice": 1.6600000000000001
        },
        {
          "date": "2021-04-07",
          "price": 1.99,
          "unitPrice": 1.3266666666666667
        },
        {
          "date": "2018-01-08",
          "price": 2.69,
          "unitPrice": 1.7933333333333332
        },
        {
          "date": "2017-12-06",
          "price": 2.79,
          "unitPrice": 1.86
        },
        {
          "date": "2017-04-05",
          "price": 2.49,
          "unitPrice": 1.6600000000000001
        }
      ],
      "isWeighted": false,
      "unit": "ml",
      "quantity": 1500,
      "bio": false,
      "url": "",
      "search": "clever sirup himbeer-zitrone 1500 ml"
    },
    {
      "store": "spar",
      "id": "2020000412755",
      "name": "S-BUDGET Himbeer-Zitrone Sirup",
      "category": "20",
      "unavailable": false,
      "price": 3.49,
      "priceHistory": [
        {
          "date": "2022-11-15",
          "price": 3.49,
          "unitPrice": 2.326666666666667
        },
        {
          "date": "2022-10-11",
          "price": 2.99,
          "unitPrice": 1.9933333333333334
        },
        {
          "date": "2022-09-30",
          "price": 2.89,
          "unitPrice": 1.9266666666666667
        },
        {
          "date": "2022-02-09",
          "price": 2.69,
          "unitPrice": 1.7933333333333332
        },
        {
          "date": "2021-10-13",
          "price": 2.49,
          "unitPrice": 1.6600000000000001
        },
        {
          "date": "2021-01-27",
          "price": 1.99,
          "unitPrice": 1.3266666666666667
        },
        {
          "date": "2018-09-12",
          "price": 2.69,
          "unitPrice": 1.7933333333333332
        },
        {
          "date": "2018-08-08",
          "price": 2.49,
          "unitPrice": 1.6600000000000001
        },
        {
          "date": "2017-12-20",
          "price": 2.69,
          "unitPrice": 1.7933333333333332
        },
        {
          "date": "2017-06-15",
          "price": 2.49,
          "unitPrice": 1.6600000000000001
        },
        {
          "date": "2017-04-20",
          "price": 2.79,
          "unitPrice": 1.86
        }
      ],
      "isWeighted": false,
      "unit": "ml",
      "quantity": 1500,
      "bio": false,
      "url": "",
      "search": "s-budget himbeer-zitrone sirup 1500 ml"
    },
    {
      "store": "billa",
      "id": "00-667247",
      "name": "Clever Sirup Holunderblüte",
      "category": "20",
      "unavailable": false,
      "price": 3.49,
      "priceHistory": [
        {
          "date": "2022-10-31",
          "price": 3.49,
          "unitPrice": 2.326666666666667
        },
        {
          "date": "2022-09-19",
          "price": 2.99,
          "unitPrice": 1.9933333333333334
        },
        {
          "date": "2022-07-21",
          "price": 2.89,
          "unitPrice": 1.9266666666666667
        },
        {
          "date": "2022-07-07",
          "price": 2.49,
          "unitPrice": 1.6600000000000001
        },
        {
          "date": "2022-03-22",
          "price": 2.69,
          "unitPrice": 1.7933333333333332
        },
        {
          "date": "2021-08-12",
          "price": 2.49,
          "unitPrice": 1.6600000000000001
        },
        {
          "date": "2018-01-08",
          "price": 2.69,
          "unitPrice": 1.7933333333333332
        },
        {
          "date": "2017-12-06",
          "price": 2.79,
          "unitPrice": 1.86
        },
        {
          "date": "2017-04-05",
          "price": 2.49,
          "unitPrice": 1.6600000000000001
        }
      ],
      "isWeighted": false,
      "unit": "ml",
      "quantity": 1500,
      "bio": false,
      "url": "",
      "search": "clever sirup holunderblüte 1500 ml"
    },
    {
      "store": "spar",
      "id": "7690532",
      "name": "S-BUDGET Holunderblüten Sirup",
      "category": "20",
      "unavailable": false,
      "price": 3.49,
      "priceHistory": [
        {
          "date": "2022-11-15",
          "price": 3.49,
          "unitPrice": 2.326666666666667
        },
        {
          "date": "2022-10-11",
          "price": 2.99,
          "unitPrice": 1.9933333333333334
        },
        {
          "date": "2022-09-30",
          "price": 2.89,
          "unitPrice": 1.9266666666666667
        },
        {
          "date": "2022-02-09",
          "price": 2.69,
          "unitPrice": 1.7933333333333332
        },
        {
          "date": "2021-07-14",
          "price": 2.49,
          "unitPrice": 1.6600000000000001
        },
        {
          "date": "2018-09-12",
          "price": 2.69,
          "unitPrice": 1.7933333333333332
        },
        {
          "date": "2018-08-08",
          "price": 2.49,
          "unitPrice": 1.6600000000000001
        },
        {
          "date": "2017-12-20",
          "price": 2.69,
          "unitPrice": 1.7933333333333332
        },
        {
          "date": "2017-12-19",
          "price": 2.79,
          "unitPrice": 1.86
        },
        {
          "date": "2017-06-15",
          "price": 2.49,
          "unitPrice": 1.6600000000000001
        },
        {
          "date": "2017-04-20",
          "price": 2.79,
          "unitPrice": 1.86
        }
      ],
      "isWeighted": false,
      "unit": "ml",
      "quantity": 1500,
      "bio": false,
      "url": "",
      "search": "s-budget holunderblüten sirup 1500 ml"
    },
    {
      "store": "billa",
      "id": "00-298660",
      "name": "Clever Sirup Johannisbeere - Zitrone",
      "category": "20",
      "unavailable": false,
      "price": 3.49,
      "priceHistory": [
        {
          "date": "2022-10-31",
          "price": 3.49,
          "unitPrice": 2.326666666666667
        },
        {
          "date": "2022-09-19",
          "price": 2.99,
          "unitPrice": 1.9933333333333334
        },
        {
          "date": "2022-07-21",
          "price": 2.89,
          "unitPrice": 1.9266666666666667
        },
        {
          "date": "2022-06-30",
          "price": 2.49,
          "unitPrice": 1.6600000000000001
        },
        {
          "date": "2022-03-22",
          "price": 2.69,
          "unitPrice": 1.7933333333333332
        },
        {
          "date": "2021-10-19",
          "price": 2.49,
          "unitPrice": 1.6600000000000001
        },
        {
          "date": "2021-04-07",
          "price": 1.99,
          "unitPrice": 1.3266666666666667
        },
        {
          "date": "2019-07-10",
          "price": 2.69,
          "unitPrice": 1.7933333333333332
        }
      ],
      "isWeighted": false,
      "unit": "ml",
      "quantity": 1500,
      "bio": false,
      "url": "",
      "search": "clever sirup johannisbeere - zitrone 1500 ml"
    },
    {
      "store": "spar",
      "id": "2020000412939",
      "name": "S-BUDGET Johannisbeer-Zitrone Sirup",
      "category": "20",
      "unavailable": false,
      "price": 3.49,
      "priceHistory": [
        {
          "date": "2022-11-15",
          "price": 3.49,
          "unitPrice": 2.326666666666667
        },
        {
          "date": "2022-10-11",
          "price": 2.99,
          "unitPrice": 1.9933333333333334
        },
        {
          "date": "2022-09-30",
          "price": 2.89,
          "unitPrice": 1.9266666666666667
        },
        {
          "date": "2022-02-09",
          "price": 2.69,
          "unitPrice": 1.7933333333333332
        },
        {
          "date": "2021-10-13",
          "price": 2.49,
          "unitPrice": 1.6600000000000001
        },
        {
          "date": "2021-01-27",
          "price": 1.99,
          "unitPrice": 1.3266666666666667
        },
        {
          "date": "2018-09-12",
          "price": 2.69,
          "unitPrice": 1.7933333333333332
        },
        {
          "date": "2018-08-08",
          "price": 2.49,
          "unitPrice": 1.6600000000000001
        },
        {
          "date": "2017-12-20",
          "price": 2.69,
          "unitPrice": 1.7933333333333332
        },
        {
          "date": "2017-06-15",
          "price": 2.49,
          "unitPrice": 1.6600000000000001
        },
        {
          "date": "2017-04-20",
          "price": 2.79,
          "unitPrice": 1.86
        }
      ],
      "isWeighted": false,
      "unit": "ml",
      "quantity": 1500,
      "bio": false,
      "url": "",
      "search": "s-budget johannisbeer-zitrone sirup 1500 ml"
    },
    {
      "store": "billa",
      "id": "00-648894",
      "name": "Clever Soft Orange Cake",
      "category": "64",
      "unavailable": false,
      "price": 1.69,
      "priceHistory": [
        {
          "date": "2023-04-22",
          "price": 1.69,
          "unitPrice": 5.633333333333333
        },
        {
          "date": "2022-10-27",
          "price": 1.59,
          "unitPrice": 5.3
        },
        {
          "date": "2022-08-18",
          "price": 1.39,
          "unitPrice": 4.633333333333333
        },
        {
          "date": "2022-02-04",
          "price": 1.19,
          "unitPrice": 3.966666666666666
        },
        {
          "date": "2021-11-27",
          "price": 0.99,
          "unitPrice": 3.3
        },
        {
          "date": "2021-11-25",
          "price": 0.74,
          "unitPrice": 2.4666666666666663
        },
        {
          "date": "2020-06-04",
          "price": 0.99,
          "unitPrice": 3.3
        },
        {
          "date": "2020-05-21",
          "price": 1.19,
          "unitPrice": 3.966666666666666
        },
        {
          "date": "2020-02-13",
          "price": 0.99,
          "unitPrice": 3.3
        },
        {
          "date": "2020-01-02",
          "price": 1.09,
          "unitPrice": 3.6333333333333333
        },
        {
          "date": "2019-10-24",
          "price": 1.19,
          "unitPrice": 3.966666666666666
        },
        {
          "date": "2017-04-05",
          "price": 1.09,
          "unitPrice": 3.6333333333333333
        }
      ],
      "isWeighted": false,
      "unit": "g",
      "quantity": 300,
      "bio": false,
      "url": "",
      "search": "clever soft orange cake 300 g"
    },
    {
      "store": "spar",
      "id": "1641318",
      "name": "S-BUDGET Soft Cake Orange",
      "category": "64",
      "unavailable": false,
      "price": 1.69,
      "priceHistory": [
        {
          "date": "2023-04-07",
          "price": 1.69,
          "unitPrice": 5.633333333333333
        },
        {
          "date": "2022-09-30",
          "price": 1.59,
          "unitPrice": 5.3
        },
        {
          "date": "2021-10-22",
          "price": 1.19,
          "unitPrice": 3.966666666666666
        },
        {
          "date": "2020-05-20",
          "price": 0.99,
          "unitPrice": 3.3
        },
        {
          "date": "2020-02-26",
          "price": 1.19,
          "unitPrice": 3.966666666666666
        },
        {
          "date": "2019-11-06",
          "price": 0.99,
          "unitPrice": 3.3
        },
        {
          "date": "2017-04-20",
          "price": 1.09,
          "unitPrice": 3.6333333333333333
        }
      ],
      "isWeighted": false,
      "unit": "g",
      "quantity": 300,
      "bio": false,
      "url": "",
      "search": "s-budget soft cake orange 300 g"
    },
    {
      "store": "billa",
      "id": "00-523811",
      "name": "Clever Sonnenblumenöl 1l",
      "category": "53",
      "unavailable": true,
      "price": 2.49,
      "priceHistory": [
        {
          "date": "2023-06-06",
          "price": 2.49,
          "unitPrice": 2.49
        },
        {
          "date": "2023-05-17",
          "price": 2.99,
          "unitPrice": 2.99
        },
        {
          "date": "2023-02-16",
          "price": 3.25,
          "unitPrice": 3.25
        },
        {
          "date": "2023-01-19",
          "price": 3.49,
          "unitPrice": 3.49
        }
      ],
      "isWeighted": false,
      "unit": "ml",
      "quantity": 1000,
      "bio": false,
      "url": "",
      "search": "clever sonnenblumenöl 1l 1000 ml"
    },
    {
      "store": "spar",
      "id": "2020004314727",
      "name": "S-BUDGET Sonnenblumenöl",
      "category": "53",
      "unavailable": false,
      "price": 2.49,
      "priceHistory": [
        {
          "date": "2023-05-25",
          "price": 2.49,
          "unitPrice": 2.49
        },
        {
          "date": "2023-02-01",
          "price": 3.25,
          "unitPrice": 3.25
        },
        {
          "date": "2022-09-30",
          "price": 3.49,
          "unitPrice": 3.49
        }
      ],
      "isWeighted": false,
      "unit": "ml",
      "quantity": 1000,
      "bio": false,
      "url": "",
      "search": "s-budget sonnenblumenöl 1000 ml"
    },
    {
      "store": "billa",
      "id": "00-379560",
      "name": "Clever Spaghetti",
      "category": "5B",
      "unavailable": false,
      "price": 1.49,
      "priceHistory": [
        {
          "date": "2022-09-29",
          "price": 1.49,
          "unitPrice": 1.49
        },
        {
          "date": "2021-11-11",
          "price": 1.19,
          "unitPrice": 1.19
        },
        {
          "date": "2021-10-01",
          "price": 0.99,
          "unitPrice": 0.99
        },
        {
          "date": "2020-09-16",
          "price": 0.78,
          "unitPrice": 0.78
        }
      ],
      "isWeighted": false,
      "unit": "g",
      "quantity": 1000,
      "bio": false,
      "url": "",
      "search": "clever spaghetti 1000 g"
    },
    {
      "store": "spar",
      "id": "6483722",
      "name": "S-BUDGET Spaghetti",
      "category": "5B",
      "unavailable": false,
      "price": 1.49,
      "priceHistory": [
        {
          "date": "2022-11-02",
          "price": 1.49,
          "unitPrice": 1.49
        },
        {
          "date": "2022-09-30",
          "price": 1.39,
          "unitPrice": 1.39
        },
        {
          "date": "2022-04-29",
          "price": 1.29,
          "unitPrice": 1.29
        },
        {
          "date": "2021-11-04",
          "price": 1.19,
          "unitPrice": 1.19
        },
        {
          "date": "2021-09-29",
          "price": 0.99,
          "unitPrice": 0.99
        },
        {
          "date": "2018-01-31",
          "price": 0.78,
          "unitPrice": 0.78
        },
        {
          "date": "2018-01-26",
          "price": 0.84,
          "unitPrice": 0.84
        },
        {
          "date": "2017-12-08",
          "price": 0.78,
          "unitPrice": 0.78
        },
        {
          "date": "2017-04-20",
          "price": 0.84,
          "unitPrice": 0.84
        }
      ],
      "isWeighted": false,
      "unit": "g",
      "quantity": 1000,
      "bio": false,
      "url": "",
      "search": "s-budget spaghetti 1000 g"
    },
    {
      "store": "billa",
      "id": "00-324192",
      "name": "Clever Stapelchips Meersalz",
      "category": "63",
      "unavailable": false,
      "price": 1.49,
      "priceHistory": [
        {
          "date": "2023-03-16",
          "price": 1.49,
          "unitPrice": 8.514285714285714
        },
        {
          "date": "2022-10-06",
          "price": 1.65,
          "unitPrice": 9.428571428571429
        },
        {
          "date": "2022-05-26",
          "price": 1.49,
          "unitPrice": 8.514285714285714
        },
        {
          "date": "2022-04-14",
          "price": 1.29,
          "unitPrice": 7.371428571428571
        },
        {
          "date": "2019-11-06",
          "price": 1.19,
          "unitPrice": 6.8
        }
      ],
      "isWeighted": false,
      "unit": "g",
      "quantity": 175,
      "bio": false,
      "url": "",
      "search": "clever stapelchips meersalz 175 g"
    },
    {
      "store": "spar",
      "id": "2400259",
      "name": "S-BUDGET Stapel Chips Meersalz",
      "category": "63",
      "unavailable": false,
      "price": 1.49,
      "priceHistory": [
        {
          "date": "2023-02-08",
          "price": 1.49,
          "unitPrice": 8.514285714285714
        },
        {
          "date": "2023-01-03",
          "price": 1.69,
          "unitPrice": 9.657142857142857
        },
        {
          "date": "2022-10-04",
          "price": 1.49,
          "unitPrice": 8.514285714285714
        },
        {
          "date": "2022-09-30",
          "price": 1.65,
          "unitPrice": 9.428571428571429
        },
        {
          "date": "2022-02-23",
          "price": 1.29,
          "unitPrice": 7.371428571428571
        },
        {
          "date": "2018-01-06",
          "price": 1.19,
          "unitPrice": 6.8
        }
      ],
      "isWeighted": false,
      "unit": "g",
      "quantity": 175,
      "bio": false,
      "url": "",
      "search": "s-budget stapel chips meersalz 175 g"
    },
    {
      "store": "billa",
      "id": "00-324195",
      "name": "Clever Stapelchips Sour Cream & Onion",
      "category": "63",
      "unavailable": false,
      "price": 1.49,
      "priceHistory": [
        {
          "date": "2023-05-15",
          "price": 1.49,
          "unitPrice": 8.514285714285714
        },
        {
          "date": "2022-10-07",
          "price": 1.65,
          "unitPrice": 9.428571428571429
        },
        {
          "date": "2022-05-26",
          "price": 1.49,
          "unitPrice": 8.514285714285714
        },
        {
          "date": "2022-04-14",
          "price": 1.29,
          "unitPrice": 7.371428571428571
        },
        {
          "date": "2019-11-06",
          "price": 1.19,
          "unitPrice": 6.8
        }
      ],
      "isWeighted": false,
      "unit": "g",
      "quantity": 175,
      "bio": false,
      "url": "",
      "search": "clever stapelchips sour cream & onion 175 g"
    },
    {
      "store": "spar",
      "id": "2400297",
      "name": "S-BUDGET Stapel Chips Sour Cream & Onion-Geschmack",
      "category": "63",
      "unavailable": false,
      "price": 1.49,
      "priceHistory": [
        {
          "date": "2023-02-08",
          "price": 1.49,
          "unitPrice": 8.514285714285714
        },
        {
          "date": "2023-01-03",
          "price": 1.69,
          "unitPrice": 9.657142857142857
        },
        {
          "date": "2022-10-04",
          "price": 1.49,
          "unitPrice": 8.514285714285714
        },
        {
          "date": "2022-09-30",
          "price": 1.65,
          "unitPrice": 9.428571428571429
        },
        {
          "date": "2022-02-23",
          "price": 1.29,
          "unitPrice": 7.371428571428571
        },
        {
          "date": "2018-01-06",
          "price": 1.19,
          "unitPrice": 6.8
        }
      ],
      "isWeighted": false,
      "unit": "g",
      "quantity": 175,
      "bio": false,
      "url": "",
      "search": "s-budget stapel chips sour cream & onion-geschmack 175 g"
    },
    {
      "store": "billa",
      "id": "00-427141",
      "name": "Clever Strudelteigblätter",
      "category": "36",
      "unavailable": false,
      "price": 0.99,
      "priceHistory": [
        {
          "date": "2023-01-11",
          "price": 0.99,
          "unitPrice": 8.25
        },
        {
          "date": "2018-07-17",
          "price": 0.89,
          "unitPrice": 7.416666666666667
        },
        {
          "date": "2017-06-20",
          "price": 0.79,
          "unitPrice": 6.583333333333333
        }
      ],
      "isWeighted": false,
      "unit": "g",
      "quantity": 120,
      "bio": false,
      "url": "",
      "search": "clever strudelteigblätter 120 g"
    },
    {
      "store": "spar",
      "id": "1891041",
      "name": "S-BUDGET Strudelteig gezogen 4 Teigblätter",
      "category": "30",
      "unavailable": false,
      "price": 0.99,
      "priceHistory": [
        {
          "date": "2022-03-16",
          "price": 0.99,
          "unitPrice": 8.25
        },
        {
          "date": "2017-04-20",
          "price": 0.89,
          "unitPrice": 7.416666666666667
        }
      ],
      "isWeighted": false,
      "unit": "g",
      "quantity": 120,
      "bio": false,
      "url": "",
      "search": "s-budget strudelteig gezogen 4 teigblätter 120 g"
    },
    {
      "store": "billa",
      "id": "00-301696",
      "name": "Clever Studentenfutter",
      "category": "63",
      "unavailable": false,
      "price": 1.89,
      "priceHistory": [
        {
          "date": "2021-12-16",
          "price": 1.89,
          "unitPrice": 9.45
        },
        {
          "date": "2021-04-07",
          "price": 1.59,
          "unitPrice": 7.95
        },
        {
          "date": "2019-08-07",
          "price": 1.89,
          "unitPrice": 9.45
        }
      ],
      "isWeighted": false,
      "unit": "g",
      "quantity": 200,
      "bio": false,
      "url": "",
      "search": "clever studentenfutter 200 g"
    },
    {
      "store": "spar",
      "id": "7732218",
      "name": "S-BUDGET Studentenfutter",
      "category": "63",
      "unavailable": false,
      "price": 1.89,
      "priceHistory": [
        {
          "date": "2022-02-23",
          "price": 1.89,
          "unitPrice": 9.45
        },
        {
          "date": "2021-04-28",
          "price": 1.59,
          "unitPrice": 7.95
        },
        {
          "date": "2020-09-30",
          "price": 1.89,
          "unitPrice": 9.45
        },
        {
          "date": "2020-07-22",
          "price": 1.99,
          "unitPrice": 9.950000000000001
        },
        {
          "date": "2018-07-25",
          "price": 1.89,
          "unitPrice": 9.45
        },
        {
          "date": "2017-04-20",
          "price": 1.99,
          "unitPrice": 9.950000000000001
        }
      ],
      "isWeighted": false,
      "unit": "g",
      "quantity": 200,
      "bio": false,
      "url": "",
      "search": "s-budget studentenfutter 200 g"
    },
    {
      "store": "billa",
      "id": "00-501109",
      "name": "Clever Tafelessig",
      "category": "53",
      "unavailable": false,
      "price": 0.49,
      "priceHistory": [
        {
          "date": "2023-04-15",
          "price": 0.49,
          "unitPrice": 0.49
        },
        {
          "date": "2023-03-16",
          "price": 0.45,
          "unitPrice": 0.45
        },
        {
          "date": "2022-10-06",
          "price": 0.49,
          "unitPrice": 0.49
        },
        {
          "date": "2022-03-14",
          "price": 0.45,
          "unitPrice": 0.45
        },
        {
          "date": "2020-07-23",
          "price": 0.39,
          "unitPrice": 0.39
        },
        {
          "date": "2020-05-28",
          "price": 0.35,
          "unitPrice": 0.35
        },
        {
          "date": "2018-07-26",
          "price": 0.39,
          "unitPrice": 0.39
        },
        {
          "date": "2018-01-08",
          "price": 0.45,
          "unitPrice": 0.45
        },
        {
          "date": "2017-12-06",
          "price": 0.49,
          "unitPrice": 0.49
        },
        {
          "date": "2017-04-05",
          "price": 0.39,
          "unitPrice": 0.39
        }
      ],
      "isWeighted": false,
      "unit": "ml",
      "quantity": 1000,
      "bio": false,
      "url": "",
      "search": "clever tafelessig 1000 ml"
    },
    {
      "store": "spar",
      "id": "6461317",
      "name": "S-BUDGET Tafelessig",
      "category": "5F",
      "unavailable": false,
      "price": 0.49,
      "priceHistory": [
        {
          "date": "2022-10-18",
          "price": 0.49,
          "unitPrice": 0.49
        },
        {
          "date": "2022-03-09",
          "price": 0.45,
          "unitPrice": 0.45
        },
        {
          "date": "2021-09-22",
          "price": 0.39,
          "unitPrice": 0.39
        },
        {
          "date": "2021-01-27",
          "price": 0.35,
          "unitPrice": 0.35
        },
        {
          "date": "2020-07-29",
          "price": 0.39,
          "unitPrice": 0.39
        },
        {
          "date": "2020-03-27",
          "price": 0.35,
          "unitPrice": 0.35
        },
        {
          "date": "2018-07-25",
          "price": 0.39,
          "unitPrice": 0.39
        },
        {
          "date": "2018-01-10",
          "price": 0.45,
          "unitPrice": 0.45
        },
        {
          "date": "2017-07-25",
          "price": 0.39,
          "unitPrice": 0.39
        },
        {
          "date": "2017-06-12",
          "price": 0.45,
          "unitPrice": 0.45
        },
        {
          "date": "2017-04-20",
          "price": 0.39,
          "unitPrice": 0.39
        }
      ],
      "isWeighted": false,
      "unit": "ml",
      "quantity": 1000,
      "bio": false,
      "url": "",
      "search": "s-budget tafelessig 1000 ml"
    },
    {
      "store": "billa",
      "id": "00-474914",
      "name": "Clever Thunfisch in Sonnenblumenöl",
      "category": "57",
      "unavailable": false,
      "price": 1.69,
      "priceHistory": [
        {
          "date": "2023-01-05",
          "price": 1.69,
          "unitPrice": 8.666666666666666
        }
      ],
      "isWeighted": false,
      "unit": "g",
      "quantity": 195,
      "bio": false,
      "url": "",
      "search": "clever thunfisch in sonnenblumenöl 195 g"
    },
    {
      "store": "spar",
      "id": "2020001303878",
      "name": "S-BUDGET Thunfisch in Sonnenblumenöl",
      "category": "57",
      "unavailable": false,
      "price": 1.69,
      "priceHistory": [
        {
          "date": "2023-01-17",
          "price": 1.69,
          "unitPrice": 8.666666666666666
        },
        {
          "date": "2022-12-21",
          "price": 1.49,
          "unitPrice": 7.6410256410256405
        },
        {
          "date": "2022-10-04",
          "price": 1.69,
          "unitPrice": 8.666666666666666
        },
        {
          "date": "2020-02-05",
          "price": 1.49,
          "unitPrice": 7.6410256410256405
        },
        {
          "date": "2018-10-17",
          "price": 1.69,
          "unitPrice": 8.666666666666666
        },
        {
          "date": "2017-06-15",
          "price": 1.45,
          "unitPrice": 7.435897435897435
        },
        {
          "date": "2017-04-20",
          "price": 1.39,
          "unitPrice": 7.128205128205128
        }
      ],
      "isWeighted": false,
      "unit": "g",
      "quantity": 195,
      "bio": false,
      "url": "",
      "search": "s-budget thunfisch in sonnenblumenöl 195 g"
    },
    {
      "store": "billa",
      "id": "00-864153",
      "name": "Clever Toilettenpapier 3-lagig",
      "category": "84",
      "unavailable": false,
      "price": 2.99,
      "priceHistory": [
        {
          "date": "2023-03-02",
          "price": 2.99,
          "unitPrice": 0.29900000000000004
        },
        {
          "date": "2023-01-20",
          "price": 3.25,
          "unitPrice": 0.325
        },
        {
          "date": "2022-10-20",
          "price": 2.99,
          "unitPrice": 0.29900000000000004
        },
        {
          "date": "2022-07-07",
          "price": 2.69,
          "unitPrice": 0.269
        },
        {
          "date": "2022-04-29",
          "price": 2.49,
          "unitPrice": 0.24900000000000003
        },
        {
          "date": "2022-04-28",
          "price": 2.29,
          "unitPrice": 0.229
        },
        {
          "date": "2022-04-22",
          "price": 2.19,
          "unitPrice": 0.219
        },
        {
          "date": "2022-03-24",
          "price": 2.29,
          "unitPrice": 0.229
        },
        {
          "date": "2022-01-06",
          "price": 2.19,
          "unitPrice": 0.219
        },
        {
          "date": "2020-08-20",
          "price": 1.99,
          "unitPrice": 0.199
        },
        {
          "date": "2020-01-23",
          "price": 2.19,
          "unitPrice": 0.219
        },
        {
          "date": "2019-10-24",
          "price": 2.29,
          "unitPrice": 0.229
        },
        {
          "date": "2019-01-02",
          "price": 2.19,
          "unitPrice": 0.219
        },
        {
          "date": "2018-12-05",
          "price": 2.29,
          "unitPrice": 0.229
        },
        {
          "date": "2018-07-26",
          "price": 2.19,
          "unitPrice": 0.219
        },
        {
          "date": "2018-07-03",
          "price": 1.97,
          "unitPrice": 0.197
        },
        {
          "date": "2018-04-26",
          "price": 2.19,
          "unitPrice": 0.219
        },
        {
          "date": "2017-04-05",
          "price": 1.97,
          "unitPrice": 0.197
        }
      ],
      "isWeighted": false,
      "unit": "stk",
      "quantity": 10,
      "bio": false,
      "url": "",
      "search": "clever toilettenpapier 3-lagig 10 stk"
    },
    {
      "store": "spar",
      "id": "2020002514235",
      "name": "S-BUDGET Toilettenpapier 10 Rollen",
      "category": "84",
      "unavailable": false,
      "price": 2.99,
      "priceHistory": [
        {
          "date": "2023-05-15",
          "price": 2.99,
          "unitPrice": 0.29900000000000004
        },
        {
          "date": "2022-11-08",
          "price": 3.29,
          "unitPrice": 0.329
        },
        {
          "date": "2022-09-30",
          "price": 2.99,
          "unitPrice": 0.29900000000000004
        },
        {
          "date": "2022-04-28",
          "price": 2.69,
          "unitPrice": 0.269
        },
        {
          "date": "2022-04-13",
          "price": 2.29,
          "unitPrice": 0.229
        },
        {
          "date": "2022-02-04",
          "price": 2.19,
          "unitPrice": 0.219
        },
        {
          "date": "2022-01-21",
          "price": 1.99,
          "unitPrice": 0.199
        },
        {
          "date": "2022-01-08",
          "price": 2.19,
          "unitPrice": 0.219
        },
        {
          "date": "2020-08-19",
          "price": 1.99,
          "unitPrice": 0.199
        },
        {
          "date": "2018-08-02",
          "price": 2.19,
          "unitPrice": 0.219
        },
        {
          "date": "2018-06-05",
          "price": 1.97,
          "unitPrice": 0.197
        }
      ],
      "isWeighted": false,
      "unit": "stk",
      "quantity": 10,
      "bio": false,
      "url": "",
      "search": "s-budget toilettenpapier 10 rollen 10 stk"
    },
    {
      "store": "billa",
      "id": "00-857063",
      "name": "Clever Tomaten getrocknet",
      "category": "57",
      "unavailable": false,
      "price": 1.99,
      "priceHistory": [
        {
          "date": "2023-05-13",
          "price": 1.99,
          "unitPrice": 7.107142857142857
        },
        {
          "date": "2023-03-02",
          "price": 1.89,
          "unitPrice": 6.75
        },
        {
          "date": "2023-02-18",
          "price": 1.99,
          "unitPrice": 7.107142857142857
        },
        {
          "date": "2022-04-14",
          "price": 1.49,
          "unitPrice": 5.321428571428571
        },
        {
          "date": "2021-04-07",
          "price": 1.19,
          "unitPrice": 4.249999999999999
        },
        {
          "date": "2017-04-05",
          "price": 1.59,
          "unitPrice": 5.678571428571429
        }
      ],
      "isWeighted": false,
      "unit": "g",
      "quantity": 280,
      "bio": false,
      "url": "",
      "search": "clever tomaten getrocknet 280 g"
    },
    {
      "store": "spar",
      "id": "2020001355839",
      "name": "S-BUDGET Tomaten sonnengetrocknet",
      "category": "57",
      "unavailable": false,
      "price": 1.99,
      "priceHistory": [
        {
          "date": "2022-09-30",
          "price": 1.99,
          "unitPrice": 7.107142857142857
        },
        {
          "date": "2017-06-22",
          "price": 1.59,
          "unitPrice": 5.678571428571429
        },
        {
          "date": "2017-04-20",
          "price": 1.58,
          "unitPrice": 5.642857142857143
        }
      ],
      "isWeighted": false,
      "unit": "g",
      "quantity": 280,
      "bio": false,
      "url": "",
      "search": "s-budget tomaten sonnengetrocknet 280 g"
    },
    {
      "store": "billa",
      "id": "00-542029",
      "name": "Clever Tortelloni Ricotta und Spinat",
      "category": "54",
      "unavailable": false,
      "price": 0.89,
      "priceHistory": [
        {
          "date": "2023-06-15",
          "price": 0.89,
          "unitPrice": 3.56
        },
        {
          "date": "2023-05-06",
          "price": 0.79,
          "unitPrice": 3.16
        },
        {
          "date": "2022-02-03",
          "price": 0.65,
          "unitPrice": 2.6
        },
        {
          "date": "2020-03-12",
          "price": 0.59,
          "unitPrice": 2.36
        },
        {
          "date": "2019-12-19",
          "price": 0.69,
          "unitPrice": 2.76
        },
        {
          "date": "2018-01-25",
          "price": 0.59,
          "unitPrice": 2.36
        },
        {
          "date": "2017-11-21",
          "price": 0.49,
          "unitPrice": 1.96
        }
      ],
      "isWeighted": false,
      "unit": "g",
      "quantity": 250,
      "bio": false,
      "url": "",
      "search": "clever tortelloni ricotta und spinat 250 g"
    },
    {
      "store": "spar",
      "id": "7758294",
      "name": "S-BUDGET Tortelloni Spinat & Ricotta 250G",
      "category": "5B",
      "unavailable": false,
      "price": 0.89,
      "priceHistory": [
        {
          "date": "2023-06-06",
          "price": 0.89,
          "unitPrice": 3.56
        },
        {
          "date": "2022-11-08",
          "price": 0.79,
          "unitPrice": 3.16
        },
        {
          "date": "2022-09-30",
          "price": 0.65,
          "unitPrice": 2.6
        },
        {
          "date": "2022-04-28",
          "price": 0.75,
          "unitPrice": 3
        },
        {
          "date": "2022-02-09",
          "price": 0.65,
          "unitPrice": 2.6
        },
        {
          "date": "2021-10-13",
          "price": 0.69,
          "unitPrice": 2.76
        },
        {
          "date": "2020-02-12",
          "price": 0.59,
          "unitPrice": 2.36
        },
        {
          "date": "2019-11-12",
          "price": 0.69,
          "unitPrice": 2.76
        },
        {
          "date": "2018-01-31",
          "price": 0.59,
          "unitPrice": 2.36
        },
        {
          "date": "2017-11-10",
          "price": 0.49,
          "unitPrice": 1.96
        },
        {
          "date": "2017-04-20",
          "price": 0.59,
          "unitPrice": 2.36
        }
      ],
      "isWeighted": false,
      "unit": "g",
      "quantity": 250,
      "bio": false,
      "url": "",
      "search": "s-budget tortelloni spinat & ricotta 250g 250 g"
    },
    {
      "store": "billa",
      "id": "00-292976",
      "name": "Clever Traube Nuss Müsli",
      "category": "5A",
      "unavailable": false,
      "price": 2.09,
      "priceHistory": [
        {
          "date": "2023-05-13",
          "price": 2.09,
          "unitPrice": 2.09
        },
        {
          "date": "2023-04-15",
          "price": 2.29,
          "unitPrice": 2.29
        }
      ],
      "isWeighted": false,
      "unit": "g",
      "quantity": 1000,
      "bio": false,
      "url": "",
      "search": "clever traube nuss müsli 1000 g"
    },
    {
      "store": "spar",
      "id": "7498633",
      "name": "S-BUDGET Vollkorn Müsli Traube-Nuss",
      "category": "56",
      "unavailable": false,
      "price": 2.09,
      "priceHistory": [
        {
          "date": "2023-05-15",
          "price": 2.09,
          "unitPrice": 2.09
        },
        {
          "date": "2023-02-28",
          "price": 2.29,
          "unitPrice": 2.29
        },
        {
          "date": "2023-01-31",
          "price": 2.19,
          "unitPrice": 2.19
        },
        {
          "date": "2022-11-01",
          "price": 2.09,
          "unitPrice": 2.09
        },
        {
          "date": "2022-09-30",
          "price": 1.99,
          "unitPrice": 1.99
        },
        {
          "date": "2022-01-19",
          "price": 1.79,
          "unitPrice": 1.79
        },
        {
          "date": "2017-04-20",
          "price": 1.69,
          "unitPrice": 1.69
        }
      ],
      "isWeighted": false,
      "unit": "g",
      "quantity": 1000,
      "bio": false,
      "url": "",
      "search": "s-budget vollkorn müsli traube-nuss 1000 g"
    },
    {
      "store": "billa",
      "id": "00-778422",
      "name": "Clever Urquelle Mineralwasser Mild",
      "category": "20",
      "unavailable": false,
      "price": 0.33,
      "priceHistory": [
        {
          "date": "2023-02-16",
          "price": 0.33,
          "unitPrice": 0.22
        },
        {
          "date": "2022-12-30",
          "price": 0.35,
          "unitPrice": 0.23333333333333334
        },
        {
          "date": "2022-12-06",
          "price": 0.33,
          "unitPrice": 0.22
        },
        {
          "date": "2021-12-16",
          "price": 0.29,
          "unitPrice": 0.1933333333333333
        },
        {
          "date": "2020-06-18",
          "price": 0.27,
          "unitPrice": 0.18000000000000002
        },
        {
          "date": "2020-01-16",
          "price": 0.25,
          "unitPrice": 0.16666666666666666
        },
        {
          "date": "2019-10-24",
          "price": 0.29,
          "unitPrice": 0.1933333333333333
        },
        {
          "date": "2018-04-12",
          "price": 0.25,
          "unitPrice": 0.16666666666666666
        },
        {
          "date": "2017-12-06",
          "price": 0.29,
          "unitPrice": 0.1933333333333333
        },
        {
          "date": "2017-04-05",
          "price": 0.25,
          "unitPrice": 0.16666666666666666
        }
      ],
      "isWeighted": false,
      "unit": "ml",
      "quantity": 1500,
      "bio": false,
      "url": "",
      "search": "clever urquelle mineralwasser mild 1500 ml"
    },
    {
      "store": "spar",
      "id": "1592559",
      "name": "S-BUDGET Astoria Natürliches Mineralwasser still",
      "category": "26",
      "unavailable": false,
      "price": 0.33,
      "priceHistory": [
        {
          "date": "2023-02-28",
          "price": 0.33,
          "unitPrice": 0.22
        },
        {
          "date": "2023-02-02",
          "price": 0.35,
          "unitPrice": 0.23333333333333334
        },
        {
          "date": "2023-01-18",
          "price": 0.27,
          "unitPrice": 0.18000000000000002
        },
        {
          "date": "2022-11-23",
          "price": 0.33,
          "unitPrice": 0.22
        },
        {
          "date": "2021-12-15",
          "price": 0.29,
          "unitPrice": 0.1933333333333333
        },
        {
          "date": "2020-06-17",
          "price": 0.27,
          "unitPrice": 0.18000000000000002
        },
        {
          "date": "2017-04-20",
          "price": 0.25,
          "unitPrice": 0.16666666666666666
        }
      ],
      "isWeighted": false,
      "unit": "ml",
      "quantity": 1500,
      "bio": false,
      "url": "",
      "search": "s-budget astoria natürliches mineralwasser still 1500 ml"
    },
    {
      "store": "billa",
      "id": "00-720919",
      "name": "Clever Urquelle Mineralwasser Prickelnd",
      "category": "26",
      "unavailable": false,
      "price": 0.33,
      "priceHistory": [
        {
          "date": "2023-02-16",
          "price": 0.33,
          "unitPrice": 0.22
        },
        {
          "date": "2022-12-30",
          "price": 0.35,
          "unitPrice": 0.23333333333333334
        },
        {
          "date": "2022-11-01",
          "price": 0.33,
          "unitPrice": 0.22
        },
        {
          "date": "2021-12-16",
          "price": 0.29,
          "unitPrice": 0.1933333333333333
        },
        {
          "date": "2020-06-18",
          "price": 0.27,
          "unitPrice": 0.18000000000000002
        },
        {
          "date": "2020-01-16",
          "price": 0.25,
          "unitPrice": 0.16666666666666666
        },
        {
          "date": "2019-10-24",
          "price": 0.29,
          "unitPrice": 0.1933333333333333
        },
        {
          "date": "2018-04-12",
          "price": 0.25,
          "unitPrice": 0.16666666666666666
        },
        {
          "date": "2017-12-06",
          "price": 0.29,
          "unitPrice": 0.1933333333333333
        },
        {
          "date": "2017-04-05",
          "price": 0.25,
          "unitPrice": 0.16666666666666666
        }
      ],
      "isWeighted": false,
      "unit": "ml",
      "quantity": 1500,
      "bio": false,
      "url": "",
      "search": "clever urquelle mineralwasser prickelnd 1500 ml"
    },
    {
      "store": "spar",
      "id": "1592528",
      "name": "S-BUDGET Astoria Natürliches Mineralwasser prickelnd",
      "category": "26",
      "unavailable": false,
      "price": 0.33,
      "priceHistory": [
        {
          "date": "2023-02-28",
          "price": 0.33,
          "unitPrice": 0.22
        },
        {
          "date": "2023-02-02",
          "price": 0.35,
          "unitPrice": 0.23333333333333334
        },
        {
          "date": "2023-01-18",
          "price": 0.27,
          "unitPrice": 0.18000000000000002
        },
        {
          "date": "2022-11-23",
          "price": 0.33,
          "unitPrice": 0.22
        },
        {
          "date": "2021-12-15",
          "price": 0.29,
          "unitPrice": 0.1933333333333333
        },
        {
          "date": "2020-06-17",
          "price": 0.27,
          "unitPrice": 0.18000000000000002
        },
        {
          "date": "2017-04-20",
          "price": 0.25,
          "unitPrice": 0.16666666666666666
        }
      ],
      "isWeighted": false,
      "unit": "ml",
      "quantity": 1500,
      "bio": false,
      "url": "",
      "search": "s-budget astoria natürliches mineralwasser prickelnd 1500 ml"
    },
    {
      "store": "billa",
      "id": "00-621278",
      "name": "Clever Vanille Pudding mit Sahne",
      "category": "34",
      "unavailable": false,
      "price": 0.49,
      "priceHistory": [
        {
          "date": "2022-12-27",
          "price": 0.49,
          "unitPrice": 2.4499999999999997
        },
        {
          "date": "2022-08-23",
          "price": 0.45,
          "unitPrice": 2.2500000000000004
        },
        {
          "date": "2022-06-02",
          "price": 0.39,
          "unitPrice": 1.9500000000000002
        },
        {
          "date": "2022-03-31",
          "price": 0.35,
          "unitPrice": 1.7499999999999998
        },
        {
          "date": "2021-10-19",
          "price": 0.29,
          "unitPrice": 1.45
        },
        {
          "date": "2020-04-21",
          "price": 0.27,
          "unitPrice": 1.35
        },
        {
          "date": "2020-01-30",
          "price": 0.29,
          "unitPrice": 1.45
        },
        {
          "date": "2017-11-23",
          "price": 0.27,
          "unitPrice": 1.35
        },
        {
          "date": "2017-04-05",
          "price": 0.25,
          "unitPrice": 1.25
        }
      ],
      "isWeighted": false,
      "unit": "g",
      "quantity": 200,
      "bio": false,
      "url": "",
      "search": "clever vanille pudding mit sahne 200 g"
    },
    {
      "store": "spar",
      "id": "1651584",
      "name": "S-BUDGET Vanillepudding mit Sahne",
      "category": "34",
      "unavailable": false,
      "price": 0.49,
      "priceHistory": [
        {
          "date": "2022-12-29",
          "price": 0.49,
          "unitPrice": 2.4499999999999997
        },
        {
          "date": "2022-09-30",
          "price": 0.45,
          "unitPrice": 2.2500000000000004
        },
        {
          "date": "2022-04-28",
          "price": 0.35,
          "unitPrice": 1.7499999999999998
        },
        {
          "date": "2022-03-23",
          "price": 0.29,
          "unitPrice": 1.45
        },
        {
          "date": "2022-02-13",
          "price": 0.31,
          "unitPrice": 1.55
        },
        {
          "date": "2021-10-29",
          "price": 0.29,
          "unitPrice": 1.45
        },
        {
          "date": "2021-01-22",
          "price": 0.27,
          "unitPrice": 1.35
        },
        {
          "date": "2021-01-06",
          "price": 0.18,
          "unitPrice": 0.9
        },
        {
          "date": "2020-04-29",
          "price": 0.27,
          "unitPrice": 1.35
        },
        {
          "date": "2020-03-07",
          "price": 0.29,
          "unitPrice": 1.45
        },
        {
          "date": "2018-02-16",
          "price": 0.27,
          "unitPrice": 1.35
        },
        {
          "date": "2017-06-15",
          "price": 0.25,
          "unitPrice": 1.25
        },
        {
          "date": "2017-04-20",
          "price": 0.29,
          "unitPrice": 1.45
        }
      ],
      "isWeighted": false,
      "unit": "g",
      "quantity": 200,
      "bio": false,
      "url": "",
      "search": "s-budget vanillepudding mit sahne 200 g"
    },
    {
      "store": "billa",
      "id": "00-504029",
      "name": "Clever Vollmilch länger frisch 3.5%",
      "category": "34",
      "unavailable": false,
      "price": 1.29,
      "priceHistory": [
        {
          "date": "2023-04-06",
          "price": 1.29,
          "unitPrice": 1.29
        },
        {
          "date": "2022-12-05",
          "price": 1.39,
          "unitPrice": 1.39
        },
        {
          "date": "2022-05-30",
          "price": 1.29,
          "unitPrice": 1.29
        },
        {
          "date": "2022-01-31",
          "price": 1.15,
          "unitPrice": 1.15
        },
        {
          "date": "2021-07-29",
          "price": 1.05,
          "unitPrice": 1.05
        },
        {
          "date": "2020-08-17",
          "price": 0.99,
          "unitPrice": 0.99
        },
        {
          "date": "2020-03-12",
          "price": 1.05,
          "unitPrice": 1.05
        },
        {
          "date": "2020-01-30",
          "price": 1.09,
          "unitPrice": 1.09
        },
        {
          "date": "2018-10-06",
          "price": 0.99,
          "unitPrice": 0.99
        },
        {
          "date": "2018-05-07",
          "price": 0.95,
          "unitPrice": 0.95
        },
        {
          "date": "2017-08-04",
          "price": 0.99,
          "unitPrice": 0.99
        },
        {
          "date": "2017-04-05",
          "price": 0.95,
          "unitPrice": 0.95
        }
      ],
      "isWeighted": false,
      "unit": "ml",
      "quantity": 1000,
      "bio": false,
      "url": "",
      "search": "clever vollmilch länger frisch 3.5% 1000 ml"
    },
    {
      "store": "spar",
      "id": "2020000586531",
      "name": "S-BUDGET Vollmilch 3,5% Fett länger frisch",
      "category": "34",
      "unavailable": false,
      "price": 1.29,
      "priceHistory": [
        {
          "date": "2023-04-14",
          "price": 1.29,
          "unitPrice": 1.29
        },
        {
          "date": "2022-12-29",
          "price": 1.39,
          "unitPrice": 1.39
        },
        {
          "date": "2022-11-29",
          "price": 1.45,
          "unitPrice": 1.45
        },
        {
          "date": "2022-09-30",
          "price": 1.29,
          "unitPrice": 1.29
        },
        {
          "date": "2022-02-02",
          "price": 1.15,
          "unitPrice": 1.15
        },
        {
          "date": "2022-01-20",
          "price": 1.09,
          "unitPrice": 1.09
        },
        {
          "date": "2021-07-27",
          "price": 1.05,
          "unitPrice": 1.05
        },
        {
          "date": "2020-08-18",
          "price": 0.99,
          "unitPrice": 0.99
        },
        {
          "date": "2020-02-11",
          "price": 1.05,
          "unitPrice": 1.05
        },
        {
          "date": "2018-10-13",
          "price": 0.99,
          "unitPrice": 0.99
        },
        {
          "date": "2018-05-16",
          "price": 0.95,
          "unitPrice": 0.95
        },
        {
          "date": "2017-10-03",
          "price": 0.99,
          "unitPrice": 0.99
        },
        {
          "date": "2017-04-20",
          "price": 0.95,
          "unitPrice": 0.95
        }
      ],
      "isWeighted": false,
      "unit": "ml",
      "quantity": 1000,
      "bio": false,
      "url": "",
      "search": "s-budget vollmilch 3.5% fett länger frisch 1000 ml"
    },
    {
      "store": "billa",
      "id": "00-708327",
      "name": "Clever Wasser Birne-Melisse prickelnd",
      "category": "20",
      "unavailable": false,
      "price": 0.59,
      "priceHistory": [
        {
          "date": "2023-05-06",
          "price": 0.59,
          "unitPrice": 0.3933333333333333
        },
        {
          "date": "2023-04-05",
          "price": 0.55,
          "unitPrice": 0.3666666666666667
        }
      ],
      "isWeighted": false,
      "unit": "ml",
      "quantity": 1500,
      "bio": false,
      "url": "",
      "search": "clever wasser birne-melisse prickelnd 1500 ml"
    },
    {
      "store": "spar",
      "id": "8183491",
      "name": "S-BUDGET Aqua+ Aqua+ Birne-Melisse",
      "category": "26",
      "unavailable": false,
      "price": 0.59,
      "priceHistory": [
        {
          "date": "2023-05-05",
          "price": 0.59,
          "unitPrice": 0.3933333333333333
        },
        {
          "date": "2023-01-10",
          "price": 0.55,
          "unitPrice": 0.3666666666666667
        },
        {
          "date": "2023-01-04",
          "price": 0.59,
          "unitPrice": 0.3933333333333333
        },
        {
          "date": "2023-01-01",
          "price": 0.55,
          "unitPrice": 0.3666666666666667
        },
        {
          "date": "2022-11-23",
          "price": 0.59,
          "unitPrice": 0.3933333333333333
        },
        {
          "date": "2022-09-30",
          "price": 0.55,
          "unitPrice": 0.3666666666666667
        },
        {
          "date": "2019-09-20",
          "price": 0.49,
          "unitPrice": 0.32666666666666666
        }
      ],
      "isWeighted": false,
      "unit": "ml",
      "quantity": 1500,
      "bio": false,
      "url": "",
      "search": "s-budget aqua+ aqua+ birne-melisse 1500 ml"
    },
    {
      "store": "billa",
      "id": "00-708401",
      "name": "Clever Wasser Marille-Holler prickelnd",
      "category": "20",
      "unavailable": false,
      "price": 0.59,
      "priceHistory": [
        {
          "date": "2023-05-23",
          "price": 0.59,
          "unitPrice": 0.3933333333333333
        }
      ],
      "isWeighted": false,
      "unit": "ml",
      "quantity": 1500,
      "bio": false,
      "url": "",
      "search": "clever wasser marille-holler prickelnd 1500 ml"
    },
    {
      "store": "spar",
      "id": "2020002111014",
      "name": "S-BUDGET Aqua+ Marille-Holunder",
      "category": "26",
      "unavailable": false,
      "price": 0.59,
      "priceHistory": [
        {
          "date": "2023-05-05",
          "price": 0.59,
          "unitPrice": 0.3933333333333333
        },
        {
          "date": "2023-01-10",
          "price": 0.55,
          "unitPrice": 0.3666666666666667
        },
        {
          "date": "2022-11-23",
          "price": 0.59,
          "unitPrice": 0.3933333333333333
        },
        {
          "date": "2022-09-30",
          "price": 0.55,
          "unitPrice": 0.3666666666666667
        },
        {
          "date": "2018-02-20",
          "price": 0.49,
          "unitPrice": 0.32666666666666666
        },
        {
          "date": "2017-11-21",
          "price": 0.55,
          "unitPrice": 0.3666666666666667
        },
        {
          "date": "2017-11-14",
          "price": 0.49,
          "unitPrice": 0.32666666666666666
        }
      ],
      "isWeighted": false,
      "unit": "ml",
      "quantity": 1500,
      "bio": false,
      "url": "",
      "search": "s-budget aqua+ marille-holunder 1500 ml"
    },
    {
      "store": "billa",
      "id": "00-545873",
      "name": "Clever Wasser Plus Birne-Melisse",
      "category": "20",
      "unavailable": false,
      "price": 0.59,
      "priceHistory": [
        {
          "date": "2023-06-05",
          "price": 0.59,
          "unitPrice": 0.3933333333333333
        },
        {
          "date": "2022-12-30",
          "price": 0.55,
          "unitPrice": 0.3666666666666667
        },
        {
          "date": "2022-10-31",
          "price": 0.59,
          "unitPrice": 0.3933333333333333
        },
        {
          "date": "2022-09-03",
          "price": 0.55,
          "unitPrice": 0.3666666666666667
        },
        {
          "date": "2022-08-04",
          "price": 0.49,
          "unitPrice": 0.32666666666666666
        },
        {
          "date": "2022-07-02",
          "price": 0.55,
          "unitPrice": 0.3666666666666667
        },
        {
          "date": "2018-02-10",
          "price": 0.49,
          "unitPrice": 0.32666666666666666
        },
        {
          "date": "2017-10-13",
          "price": 0.55,
          "unitPrice": 0.3666666666666667
        },
        {
          "date": "2017-04-05",
          "price": 0.49,
          "unitPrice": 0.32666666666666666
        }
      ],
      "isWeighted": false,
      "unit": "ml",
      "quantity": 1500,
      "bio": false,
      "url": "",
      "search": "clever wasser plus birne-melisse 1500 ml"
    },
    {
      "store": "spar",
      "id": "8183491",
      "name": "S-BUDGET Aqua+ Aqua+ Birne-Melisse",
      "category": "26",
      "unavailable": false,
      "price": 0.59,
      "priceHistory": [
        {
          "date": "2023-05-05",
          "price": 0.59,
          "unitPrice": 0.3933333333333333
        },
        {
          "date": "2023-01-10",
          "price": 0.55,
          "unitPrice": 0.3666666666666667
        },
        {
          "date": "2023-01-04",
          "price": 0.59,
          "unitPrice": 0.3933333333333333
        },
        {
          "date": "2023-01-01",
          "price": 0.55,
          "unitPrice": 0.3666666666666667
        },
        {
          "date": "2022-11-23",
          "price": 0.59,
          "unitPrice": 0.3933333333333333
        },
        {
          "date": "2022-09-30",
          "price": 0.55,
          "unitPrice": 0.3666666666666667
        },
        {
          "date": "2019-09-20",
          "price": 0.49,
          "unitPrice": 0.32666666666666666
        }
      ],
      "isWeighted": false,
      "unit": "ml",
      "quantity": 1500,
      "bio": false,
      "url": "",
      "search": "s-budget aqua+ aqua+ birne-melisse 1500 ml"
    },
    {
      "store": "billa",
      "id": "00-511408",
      "name": "Clever Weichseln",
      "category": "57",
      "unavailable": false,
      "price": 1.69,
      "priceHistory": [
        {
          "date": "2023-04-22",
          "price": 1.69,
          "unitPrice": 2.4852941176470584
        },
        {
          "date": "2023-02-23",
          "price": 1.59,
          "unitPrice": 2.338235294117647
        },
        {
          "date": "2023-01-19",
          "price": 1.49,
          "unitPrice": 2.1911764705882355
        },
        {
          "date": "2022-11-02",
          "price": 1.69,
          "unitPrice": 2.4852941176470584
        }
      ],
      "isWeighted": false,
      "unit": "g",
      "quantity": 680,
      "bio": false,
      "url": "",
      "search": "clever weichseln 680 g"
    },
    {
      "store": "spar",
      "id": "7355233",
      "name": "S-BUDGET Weichselkompott leicht gezuckert, entsteint",
      "category": "57",
      "unavailable": false,
      "price": 1.69,
      "priceHistory": [
        {
          "date": "2023-05-23",
          "price": 1.69,
          "unitPrice": 2.4852941176470584
        },
        {
          "date": "2023-03-14",
          "price": 1.59,
          "unitPrice": 2.338235294117647
        },
        {
          "date": "2023-01-10",
          "price": 1.49,
          "unitPrice": 2.1911764705882355
        },
        {
          "date": "2022-11-15",
          "price": 1.69,
          "unitPrice": 2.4852941176470584
        },
        {
          "date": "2022-09-30",
          "price": 1.49,
          "unitPrice": 2.1911764705882355
        },
        {
          "date": "2021-12-08",
          "price": 1.39,
          "unitPrice": 2.0441176470588234
        },
        {
          "date": "2020-07-29",
          "price": 1.25,
          "unitPrice": 1.838235294117647
        },
        {
          "date": "2020-06-17",
          "price": 1.35,
          "unitPrice": 1.985294117647059
        },
        {
          "date": "2017-05-30",
          "price": 1.25,
          "unitPrice": 1.838235294117647
        },
        {
          "date": "2017-04-20",
          "price": 1.15,
          "unitPrice": 1.6911764705882353
        }
      ],
      "isWeighted": false,
      "unit": "g",
      "quantity": 680,
      "bio": false,
      "url": "",
      "search": "s-budget weichselkompott leicht gezuckert. entsteint 680 g"
    },
    {
      "store": "billa",
      "id": "00-736902",
      "name": "Clever Weiße Bohnen",
      "category": "57",
      "unavailable": false,
      "price": 1.19,
      "priceHistory": [
        {
          "date": "2023-06-15",
          "price": 1.19,
          "unitPrice": 1.4874999999999998
        },
        {
          "date": "2023-02-14",
          "price": 0.99,
          "unitPrice": 1.2374999999999998
        },
        {
          "date": "2021-12-28",
          "price": 0.75,
          "unitPrice": 0.9375
        },
        {
          "date": "2017-10-26",
          "price": 0.69,
          "unitPrice": 0.8624999999999999
        },
        {
          "date": "2017-04-05",
          "price": 0.65,
          "unitPrice": 0.8125000000000001
        }
      ],
      "isWeighted": false,
      "unit": "g",
      "quantity": 800,
      "bio": false,
      "url": "",
      "search": "clever weiße bohnen 800 g"
    },
    {
      "store": "spar",
      "id": "2020001031412",
      "name": "S-BUDGET Weiße Bohnen",
      "category": "57",
      "unavailable": false,
      "price": 1.19,
      "priceHistory": [
        {
          "date": "2023-04-14",
          "price": 1.19,
          "unitPrice": 1.4874999999999998
        },
        {
          "date": "2023-01-24",
          "price": 0.99,
          "unitPrice": 1.2374999999999998
        },
        {
          "date": "2022-04-06",
          "price": 0.89,
          "unitPrice": 1.1125
        },
        {
          "date": "2022-01-19",
          "price": 0.75,
          "unitPrice": 0.9375
        },
        {
          "date": "2017-11-10",
          "price": 0.69,
          "unitPrice": 0.8624999999999999
        },
        {
          "date": "2017-04-20",
          "price": 0.65,
          "unitPrice": 0.8125000000000001
        }
      ],
      "isWeighted": false,
      "unit": "g",
      "quantity": 800,
      "bio": false,
      "url": "",
      "search": "s-budget weiße bohnen 800 g"
    },
    {
      "store": "billa",
      "id": "00-375670",
      "name": "Clever Weißer Wecken geschnitten",
      "category": "11",
      "unavailable": false,
      "price": 1.39,
      "priceHistory": [
        {
          "date": "2022-10-13",
          "price": 1.39,
          "unitPrice": 2.78
        },
        {
          "date": "2022-03-24",
          "price": 1.29,
          "unitPrice": 2.58
        },
        {
          "date": "2021-11-11",
          "price": 1.19,
          "unitPrice": 2.38
        },
        {
          "date": "2017-04-05",
          "price": 0.99,
          "unitPrice": 1.98
        }
      ],
      "isWeighted": false,
      "unit": "g",
      "quantity": 500,
      "bio": false,
      "url": "",
      "search": "clever weißer wecken geschnitten 500 g"
    },
    {
      "store": "spar",
      "id": "2020003624346",
      "name": "S-BUDGET Weißbrot geschnitten",
      "category": "11",
      "unavailable": false,
      "price": 1.39,
      "priceHistory": [
        {
          "date": "2022-10-25",
          "price": 1.39,
          "unitPrice": 2.78
        },
        {
          "date": "2022-03-25",
          "price": 1.29,
          "unitPrice": 2.58
        },
        {
          "date": "2021-11-10",
          "price": 1.19,
          "unitPrice": 2.38
        },
        {
          "date": "2021-01-30",
          "price": 0.99,
          "unitPrice": 1.98
        }
      ],
      "isWeighted": false,
      "unit": "g",
      "quantity": 500,
      "bio": false,
      "url": "",
      "search": "s-budget weißbrot geschnitten 500 g"
    },
    {
      "store": "billa",
      "id": "00-918279",
      "name": "Clever Wiener Eiskaffee",
      "category": "34",
      "unavailable": false,
      "price": 1.49,
      "priceHistory": [
        {
          "date": "2022-12-05",
          "price": 1.49,
          "unitPrice": 1.49
        },
        {
          "date": "2022-04-21",
          "price": 1.19,
          "unitPrice": 1.19
        },
        {
          "date": "2021-05-06",
          "price": 0.99,
          "unitPrice": 0.99
        },
        {
          "date": "2021-04-09",
          "price": 1.15,
          "unitPrice": 1.15
        },
        {
          "date": "2021-01-07",
          "price": 0.99,
          "unitPrice": 0.99
        },
        {
          "date": "2020-10-01",
          "price": 0.85,
          "unitPrice": 0.85
        },
        {
          "date": "2020-08-17",
          "price": 0.99,
          "unitPrice": 0.99
        },
        {
          "date": "2020-03-19",
          "price": 1.15,
          "unitPrice": 1.15
        },
        {
          "date": "2020-01-30",
          "price": 1.19,
          "unitPrice": 1.19
        },
        {
          "date": "2018-04-18",
          "price": 1.09,
          "unitPrice": 1.09
        }
      ],
      "isWeighted": false,
      "unit": "ml",
      "quantity": 1000,
      "bio": false,
      "url": "",
      "search": "clever wiener eiskaffee 1000 ml"
    },
    {
      "store": "spar",
      "id": "1207347",
      "name": "S-BUDGET Wiener Eiskaffee",
      "category": "20",
      "unavailable": false,
      "price": 1.49,
      "priceHistory": [
        {
          "date": "2022-11-14",
          "price": 1.49,
          "unitPrice": 1.49
        },
        {
          "date": "2022-04-28",
          "price": 1.19,
          "unitPrice": 1.19
        },
        {
          "date": "2020-09-30",
          "price": 0.99,
          "unitPrice": 0.99
        },
        {
          "date": "2020-09-08",
          "price": 0.89,
          "unitPrice": 0.89
        },
        {
          "date": "2020-07-15",
          "price": 0.99,
          "unitPrice": 0.99
        },
        {
          "date": "2020-03-10",
          "price": 1.15,
          "unitPrice": 1.15
        },
        {
          "date": "2017-04-20",
          "price": 1.09,
          "unitPrice": 1.09
        }
      ],
      "isWeighted": false,
      "unit": "ml",
      "quantity": 1000,
      "bio": false,
      "url": "",
      "search": "s-budget wiener eiskaffee 1000 ml"
    },
    {
      "store": "billa",
      "id": "00-531068",
      "name": "Clever Wildpreiselbeeren",
      "category": "57",
      "unavailable": false,
      "price": 1.99,
      "priceHistory": [
        {
          "date": "2023-05-06",
          "price": 1.99,
          "unitPrice": 4.9750000000000005
        },
        {
          "date": "2022-11-09",
          "price": 1.69,
          "unitPrice": 4.225
        }
      ],
      "isWeighted": false,
      "unit": "g",
      "quantity": 400,
      "bio": false,
      "url": "",
      "search": "clever wildpreiselbeeren 400 g"
    },
    {
      "store": "spar",
      "id": "2020001391363",
      "name": "S-BUDGET Wild-Preiselbeeren",
      "category": "57",
      "unavailable": false,
      "price": 1.99,
      "priceHistory": [
        {
          "date": "2023-05-23",
          "price": 1.99,
          "unitPrice": 4.9750000000000005
        },
        {
          "date": "2019-02-24",
          "price": 1.69,
          "unitPrice": 4.225
        },
        {
          "date": "2017-06-08",
          "price": 1.35,
          "unitPrice": 3.3750000000000004
        },
        {
          "date": "2017-04-20",
          "price": 1.45,
          "unitPrice": 3.6249999999999996
        }
      ],
      "isWeighted": false,
      "unit": "g",
      "quantity": 400,
      "bio": false,
      "url": "",
      "search": "s-budget wild-preiselbeeren 400 g"
    },
    {
      "store": "billa",
      "id": "00-687304",
      "name": "Clever Wurstknödel",
      "category": "42",
      "unavailable": false,
      "price": 3.99,
      "priceHistory": [
        {
          "date": "2022-12-15",
          "price": 3.99,
          "unitPrice": 3.9900000000000007
        },
        {
          "date": "2022-04-21",
          "price": 3.79,
          "unitPrice": 3.79
        },
        {
          "date": "2022-02-24",
          "price": 3.29,
          "unitPrice": 3.29
        },
        {
          "date": "2017-04-05",
          "price": 2.99,
          "unitPrice": 2.99
        }
      ],
      "isWeighted": false,
      "unit": "g",
      "quantity": 1000,
      "bio": false,
      "url": "",
      "search": "clever wurstknödel 1000 g"
    },
    {
      "store": "spar",
      "id": "8012333",
      "name": "S-BUDGET Wurstknödel 10 Stück",
      "category": "42",
      "unavailable": false,
      "price": 3.99,
      "priceHistory": [
        {
          "date": "2023-01-10",
          "price": 3.99,
          "unitPrice": 3.9900000000000007
        },
        {
          "date": "2022-10-06",
          "price": 3.79,
          "unitPrice": 3.79
        },
        {
          "date": "2022-03-23",
          "price": 3.49,
          "unitPrice": 3.49
        },
        {
          "date": "2017-04-20",
          "price": 2.99,
          "unitPrice": 2.99
        }
      ],
      "isWeighted": false,
      "unit": "g",
      "quantity": 1000,
      "bio": false,
      "url": "",
      "search": "s-budget wurstknödel 10 stück 1000 g"
    },
    {
      "store": "billa",
      "id": "00-346427",
      "name": "Clever Zwiebel Gelb",
      "category": "01",
      "unavailable": false,
      "price": 3.49,
      "priceHistory": [
        {
          "date": "2023-05-06",
          "price": 3.49,
          "unitPrice": 1.1633333333333336
        },
        {
          "date": "2023-04-04",
          "price": 3.69,
          "unitPrice": 1.23
        },
        {
          "date": "2023-03-26",
          "price": 3.29,
          "unitPrice": 1.0966666666666667
        },
        {
          "date": "2023-02-28",
          "price": 3.39,
          "unitPrice": 1.1300000000000001
        },
        {
          "date": "2023-02-26",
          "price": 2.99,
          "unitPrice": 0.9966666666666667
        },
        {
          "date": "2023-02-09",
          "price": 2.69,
          "unitPrice": 0.8966666666666666
        },
        {
          "date": "2023-02-04",
          "price": 2.99,
          "unitPrice": 0.9966666666666667
        },
        {
          "date": "2023-01-19",
          "price": 2.59,
          "unitPrice": 0.8633333333333333
        }
      ],
      "isWeighted": false,
      "unit": "g",
      "quantity": 3000,
      "bio": false,
      "url": "",
      "search": "clever zwiebel gelb 3000 g"
    },
    {
      "store": "spar",
      "id": "2020001465170",
      "name": "S-BUDGET Zwiebel",
      "category": "01",
      "unavailable": false,
      "price": 3.49,
      "priceHistory": [
        {
          "date": "2023-04-14",
          "price": 3.49,
          "unitPrice": 1.1633333333333336
        },
        {
          "date": "2023-03-06",
          "price": 3.29,
          "unitPrice": 1.0966666666666667
        },
        {
          "date": "2023-02-06",
          "price": 2.99,
          "unitPrice": 0.9966666666666667
        },
        {
          "date": "2023-01-09",
          "price": 2.69,
          "unitPrice": 0.8966666666666666
        },
        {
          "date": "2022-11-14",
          "price": 2.59,
          "unitPrice": 0.8633333333333333
        },
        {
          "date": "2022-09-30",
          "price": 2.69,
          "unitPrice": 0.8966666666666666
        },
        {
          "date": "2021-12-14",
          "price": 1.99,
          "unitPrice": 0.6633333333333333
        },
        {
          "date": "2021-10-12",
          "price": 1.79,
          "unitPrice": 0.5966666666666667
        },
        {
          "date": "2021-07-27",
          "price": 1.99,
          "unitPrice": 0.6633333333333333
        },
        {
          "date": "2021-07-06",
          "price": 2.29,
          "unitPrice": 0.7633333333333333
        },
        {
          "date": "2021-05-04",
          "price": 2.19,
          "unitPrice": 0.73
        },
        {
          "date": "2020-09-01",
          "price": 1.99,
          "unitPrice": 0.6633333333333333
        },
        {
          "date": "2020-08-11",
          "price": 1.79,
          "unitPrice": 0.5966666666666667
        },
        {
          "date": "2020-07-21",
          "price": 1.99,
          "unitPrice": 0.6633333333333333
        },
        {
          "date": "2020-07-14",
          "price": 2.19,
          "unitPrice": 0.73
        },
        {
          "date": "2020-07-07",
          "price": 2.49,
          "unitPrice": 0.8300000000000001
        },
        {
          "date": "2020-06-16",
          "price": 2.19,
          "unitPrice": 0.73
        },
        {
          "date": "2020-06-02",
          "price": 1.99,
          "unitPrice": 0.6633333333333333
        },
        {
          "date": "2020-05-12",
          "price": 1.89,
          "unitPrice": 0.6299999999999999
        },
        {
          "date": "2019-09-03",
          "price": 1.79,
          "unitPrice": 0.5966666666666667
        },
        {
          "date": "2019-08-30",
          "price": 1.99,
          "unitPrice": 0.6633333333333333
        },
        {
          "date": "2019-07-23",
          "price": 2.69,
          "unitPrice": 0.8966666666666666
        },
        {
          "date": "2019-07-02",
          "price": 2.99,
          "unitPrice": 0.9966666666666667
        },
        {
          "date": "2019-06-04",
          "price": 3.49,
          "unitPrice": 1.1633333333333336
        },
        {
          "date": "2019-05-07",
          "price": 3.29,
          "unitPrice": 1.0966666666666667
        },
        {
          "date": "2019-04-09",
          "price": 2.99,
          "unitPrice": 0.9966666666666667
        },
        {
          "date": "2019-01-15",
          "price": 2.69,
          "unitPrice": 0.8966666666666666
        },
        {
          "date": "2018-08-14",
          "price": 1.79,
          "unitPrice": 0.5966666666666667
        },
        {
          "date": "2018-06-05",
          "price": 1.89,
          "unitPrice": 0.6299999999999999
        },
        {
          "date": "2018-04-15",
          "price": 1.29,
          "unitPrice": 0.43
        },
        {
          "date": "2018-04-09",
          "price": 1.09,
          "unitPrice": 0.36333333333333334
        },
        {
          "date": "2018-04-02",
          "price": 1.29,
          "unitPrice": 0.43
        },
        {
          "date": "2018-02-26",
          "price": 1.19,
          "unitPrice": 0.39666666666666667
        },
        {
          "date": "2018-02-19",
          "price": 0.99,
          "unitPrice": 0.33
        },
        {
          "date": "2017-10-16",
          "price": 1.19,
          "unitPrice": 0.39666666666666667
        },
        {
          "date": "2017-10-03",
          "price": 1.29,
          "unitPrice": 0.43
        },
        {
          "date": "2017-07-02",
          "price": 1.19,
          "unitPrice": 0.39666666666666667
        },
        {
          "date": "2017-06-15",
          "price": 1.29,
          "unitPrice": 0.43
        },
        {
          "date": "2017-04-20",
          "price": 1.09,
          "unitPrice": 0.36333333333333334
        }
      ],
      "isWeighted": false,
      "unit": "g",
      "quantity": 3000,
      "bio": false,
      "url": "",
      "search": "s-budget zwiebel 3000 g"
    },
    {
      "store": "billa",
      "id": "00-667911",
      "name": "Clever Apfelstrudel",
      "category": "47",
      "unavailable": false,
      "price": 1.99,
      "priceHistory": [
        {
          "date": "2022-11-03",
          "price": 1.99,
          "unitPrice": 3.3166666666666664
        },
        {
          "date": "2022-02-17",
          "price": 1.49,
          "unitPrice": 2.4833333333333334
        },
        {
          "date": "2021-10-11",
          "price": 1.29,
          "unitPrice": 2.15
        },
        {
          "date": "2017-04-05",
          "price": 1.49,
          "unitPrice": 2.4833333333333334
        }
      ],
      "isWeighted": false,
      "unit": "g",
      "quantity": 600,
      "bio": false,
      "url": "",
      "search": "clever apfelstrudel 600 g"
    },
    {
      "store": "spar",
      "id": "7521317",
      "name": "S-BUDGET Apfelstrudel tiefgefroren, backfertig",
      "category": "47",
      "unavailable": false,
      "price": 1.89,
      "priceHistory": [
        {
          "date": "2023-06-13",
          "price": 1.89,
          "unitPrice": 3.15
        },
        {
          "date": "2022-11-01",
          "price": 1.99,
          "unitPrice": 3.3166666666666664
        },
        {
          "date": "2022-01-02",
          "price": 1.49,
          "unitPrice": 2.4833333333333334
        },
        {
          "date": "2021-10-09",
          "price": 1.29,
          "unitPrice": 2.15
        },
        {
          "date": "2017-04-20",
          "price": 1.49,
          "unitPrice": 2.4833333333333334
        }
      ],
      "isWeighted": false,
      "unit": "g",
      "quantity": 600,
      "bio": false,
      "url": "",
      "search": "s-budget apfelstrudel tiefgefroren. backfertig 600 g"
    },
    {
      "store": "billa",
      "id": "00-297121",
      "name": "Clever Basmatireis",
      "category": "5B",
      "unavailable": false,
      "price": 2.69,
      "priceHistory": [
        {
          "date": "2023-05-15",
          "price": 2.69,
          "unitPrice": 2.69
        },
        {
          "date": "2022-12-15",
          "price": 2.29,
          "unitPrice": 2.29
        },
        {
          "date": "2020-05-28",
          "price": 1.99,
          "unitPrice": 1.99
        },
        {
          "date": "2020-01-17",
          "price": 2.19,
          "unitPrice": 2.19
        },
        {
          "date": "2019-11-30",
          "price": 2.39,
          "unitPrice": 2.39
        }
      ],
      "isWeighted": false,
      "unit": "g",
      "quantity": 1000,
      "bio": false,
      "url": "",
      "search": "clever basmatireis 1000 g"
    },
    {
      "store": "spar",
      "id": "7979828",
      "name": "S-BUDGET Basmati Reis",
      "category": "5B",
      "unavailable": false,
      "price": 2.89,
      "priceHistory": [
        {
          "date": "2023-06-06",
          "price": 2.89,
          "unitPrice": 2.89
        },
        {
          "date": "2023-02-16",
          "price": 2.69,
          "unitPrice": 2.69
        },
        {
          "date": "2023-01-20",
          "price": 2.29,
          "unitPrice": 2.29
        },
        {
          "date": "2023-01-07",
          "price": 1.99,
          "unitPrice": 1.99
        },
        {
          "date": "2022-11-15",
          "price": 2.29,
          "unitPrice": 2.29
        },
        {
          "date": "2022-04-06",
          "price": 1.99,
          "unitPrice": 1.99
        },
        {
          "date": "2021-03-24",
          "price": 1.89,
          "unitPrice": 1.89
        },
        {
          "date": "2020-03-04",
          "price": 1.99,
          "unitPrice": 1.99
        },
        {
          "date": "2018-08-29",
          "price": 2.19,
          "unitPrice": 2.19
        },
        {
          "date": "2018-07-04",
          "price": 2.39,
          "unitPrice": 2.39
        },
        {
          "date": "2017-04-20",
          "price": 2.19,
          "unitPrice": 2.19
        }
      ],
      "isWeighted": false,
      "unit": "g",
      "quantity": 1000,
      "bio": false,
      "url": "",
      "search": "s-budget basmati reis 1000 g"
    },
    {
      "store": "billa",
      "id": "00-489499",
      "name": "Clever Blattspinat",
      "category": "44",
      "unavailable": false,
      "price": 1.69,
      "priceHistory": [
        {
          "date": "2023-06-06",
          "price": 1.69,
          "unitPrice": 2.2533333333333334
        }
      ],
      "isWeighted": false,
      "unit": "g",
      "quantity": 750,
      "bio": false,
      "url": "",
      "search": "clever blattspinat 750 g"
    },
    {
      "store": "spar",
      "id": "7581663",
      "name": "S-BUDGET Blattspinat tiefgekühlt 15 x 50g",
      "category": "41",
      "unavailable": false,
      "price": 1.85,
      "priceHistory": [
        {
          "date": "2023-01-03",
          "price": 1.85,
          "unitPrice": 2.466666666666667
        },
        {
          "date": "2022-03-16",
          "price": 1.69,
          "unitPrice": 2.2533333333333334
        },
        {
          "date": "2017-04-20",
          "price": 1.49,
          "unitPrice": 1.9866666666666666
        }
      ],
      "isWeighted": false,
      "unit": "g",
      "quantity": 750,
      "bio": false,
      "url": "",
      "search": "s-budget blattspinat tiefgekühlt 15 x 50g 750 g"
    },
    {
      "store": "billa",
      "id": "00-528814",
      "name": "Clever Ei-Zwiebel Aufstrich",
      "category": "33",
      "unavailable": false,
      "price": 1.29,
      "priceHistory": [
        {
          "date": "2023-06-14",
          "price": 1.29,
          "unitPrice": 6.45
        },
        {
          "date": "2023-02-24",
          "price": 1.15,
          "unitPrice": 5.75
        },
        {
          "date": "2022-12-12",
          "price": 1.29,
          "unitPrice": 6.45
        },
        {
          "date": "2022-11-09",
          "price": 1.15,
          "unitPrice": 5.75
        }
      ],
      "isWeighted": false,
      "unit": "g",
      "quantity": 200,
      "bio": false,
      "url": "",
      "search": "clever ei-zwiebel aufstrich 200 g"
    },
    {
      "store": "spar",
      "id": "2020002743543",
      "name": "S-BUDGET Ei-Zwiebel Aufstrich",
      "category": "33",
      "unavailable": false,
      "price": 1.15,
      "priceHistory": [
        {
          "date": "2023-02-22",
          "price": 1.15,
          "unitPrice": 5.75
        },
        {
          "date": "2022-12-21",
          "price": 1.29,
          "unitPrice": 6.45
        },
        {
          "date": "2022-09-30",
          "price": 1.15,
          "unitPrice": 5.75
        },
        {
          "date": "2021-11-03",
          "price": 0.89,
          "unitPrice": 4.45
        },
        {
          "date": "2021-04-07",
          "price": 0.79,
          "unitPrice": 3.95
        },
        {
          "date": "2020-02-12",
          "price": 0.85,
          "unitPrice": 4.25
        },
        {
          "date": "2019-09-17",
          "price": 0.79,
          "unitPrice": 3.95
        },
        {
          "date": "2019-07-31",
          "price": 0.89,
          "unitPrice": 4.45
        },
        {
          "date": "2019-03-27",
          "price": 0.79,
          "unitPrice": 3.95
        },
        {
          "date": "2018-11-09",
          "price": 0.89,
          "unitPrice": 4.45
        }
      ],
      "isWeighted": false,
      "unit": "g",
      "quantity": 200,
      "bio": false,
      "url": "",
      "search": "s-budget ei-zwiebel aufstrich 200 g"
    },
    {
      "store": "billa",
      "id": "00-534071",
      "name": "Clever Energy Drink Sugarfree",
      "category": "20",
      "unavailable": false,
      "price": 0.49,
      "priceHistory": [
        {
          "date": "2022-12-15",
          "price": 0.49,
          "unitPrice": 1.96
        },
        {
          "date": "2022-11-26",
          "price": 0.45,
          "unitPrice": 1.8
        },
        {
          "date": "2022-11-21",
          "price": 0.49,
          "unitPrice": 1.96
        },
        {
          "date": "2022-04-11",
          "price": 0.45,
          "unitPrice": 1.8
        },
        {
          "date": "2022-02-24",
          "price": 0.49,
          "unitPrice": 1.96
        },
        {
          "date": "2021-05-27",
          "price": 0.39,
          "unitPrice": 1.56
        },
        {
          "date": "2020-06-04",
          "price": 0.49,
          "unitPrice": 1.96
        },
        {
          "date": "2020-02-13",
          "price": 0.39,
          "unitPrice": 1.56
        },
        {
          "date": "2019-10-03",
          "price": 0.49,
          "unitPrice": 1.96
        },
        {
          "date": "2018-06-21",
          "price": 0.39,
          "unitPrice": 1.56
        },
        {
          "date": "2018-03-15",
          "price": 0.49,
          "unitPrice": 1.96
        },
        {
          "date": "2018-02-15",
          "price": 0.39,
          "unitPrice": 1.56
        },
        {
          "date": "2017-12-06",
          "price": 0.49,
          "unitPrice": 1.96
        },
        {
          "date": "2017-04-05",
          "price": 0.39,
          "unitPrice": 1.56
        }
      ],
      "isWeighted": false,
      "unit": "ml",
      "quantity": 250,
      "bio": false,
      "url": "",
      "search": "clever energy drink sugarfree 250 ml"
    },
    {
      "store": "spar",
      "id": "7032318",
      "name": "S-BUDGET Energydrink Sugarfree",
      "category": "20",
      "unavailable": false,
      "price": 0.59,
      "priceHistory": [
        {
          "date": "2023-02-02",
          "price": 0.59,
          "unitPrice": 2.36
        },
        {
          "date": "2023-01-18",
          "price": 0.29,
          "unitPrice": 1.16
        },
        {
          "date": "2023-01-13",
          "price": 0.59,
          "unitPrice": 2.36
        },
        {
          "date": "2022-12-06",
          "price": 0.29,
          "unitPrice": 1.16
        },
        {
          "date": "2022-11-10",
          "price": 0.59,
          "unitPrice": 2.36
        },
        {
          "date": "2022-10-12",
          "price": 0.3,
          "unitPrice": 1.2
        },
        {
          "date": "2022-09-30",
          "price": 0.55,
          "unitPrice": 2.2
        },
        {
          "date": "2022-03-31",
          "price": 0.24,
          "unitPrice": 0.96
        },
        {
          "date": "2022-03-11",
          "price": 0.49,
          "unitPrice": 1.96
        },
        {
          "date": "2022-02-10",
          "price": 0.24,
          "unitPrice": 0.96
        },
        {
          "date": "2022-01-14",
          "price": 0.49,
          "unitPrice": 1.96
        },
        {
          "date": "2021-12-07",
          "price": 0.24,
          "unitPrice": 0.96
        },
        {
          "date": "2021-11-19",
          "price": 0.49,
          "unitPrice": 1.96
        },
        {
          "date": "2021-11-04",
          "price": 0.24,
          "unitPrice": 0.96
        },
        {
          "date": "2021-10-01",
          "price": 0.49,
          "unitPrice": 1.96
        },
        {
          "date": "2021-09-01",
          "price": 0.24,
          "unitPrice": 0.96
        },
        {
          "date": "2021-08-13",
          "price": 0.49,
          "unitPrice": 1.96
        },
        {
          "date": "2021-07-22",
          "price": 0.24,
          "unitPrice": 0.96
        },
        {
          "date": "2021-07-09",
          "price": 0.49,
          "unitPrice": 1.96
        },
        {
          "date": "2021-06-10",
          "price": 0.24,
          "unitPrice": 0.96
        },
        {
          "date": "2021-06-03",
          "price": 0.49,
          "unitPrice": 1.96
        },
        {
          "date": "2021-04-14",
          "price": 0.24,
          "unitPrice": 0.96
        },
        {
          "date": "2021-03-12",
          "price": 0.49,
          "unitPrice": 1.96
        },
        {
          "date": "2021-02-11",
          "price": 0.24,
          "unitPrice": 0.96
        },
        {
          "date": "2021-01-15",
          "price": 0.49,
          "unitPrice": 1.96
        },
        {
          "date": "2020-12-03",
          "price": 0.24,
          "unitPrice": 0.96
        },
        {
          "date": "2020-11-13",
          "price": 0.49,
          "unitPrice": 1.96
        },
        {
          "date": "2020-10-15",
          "price": 0.24,
          "unitPrice": 0.96
        },
        {
          "date": "2020-09-25",
          "price": 0.49,
          "unitPrice": 1.96
        },
        {
          "date": "2020-08-25",
          "price": 0.24,
          "unitPrice": 0.96
        },
        {
          "date": "2020-08-07",
          "price": 0.49,
          "unitPrice": 1.96
        },
        {
          "date": "2020-07-16",
          "price": 0.24,
          "unitPrice": 0.96
        },
        {
          "date": "2020-07-10",
          "price": 0.49,
          "unitPrice": 1.96
        },
        {
          "date": "2020-06-25",
          "price": 0.24,
          "unitPrice": 0.96
        },
        {
          "date": "2020-06-05",
          "price": 0.49,
          "unitPrice": 1.96
        },
        {
          "date": "2020-04-23",
          "price": 0.24,
          "unitPrice": 0.96
        },
        {
          "date": "2020-03-20",
          "price": 0.49,
          "unitPrice": 1.96
        },
        {
          "date": "2020-03-05",
          "price": 0.24,
          "unitPrice": 0.96
        },
        {
          "date": "2020-02-14",
          "price": 0.49,
          "unitPrice": 1.96
        },
        {
          "date": "2020-01-30",
          "price": 0.32,
          "unitPrice": 1.28
        },
        {
          "date": "2020-01-10",
          "price": 0.49,
          "unitPrice": 1.96
        },
        {
          "date": "2019-12-05",
          "price": 0.24,
          "unitPrice": 0.96
        },
        {
          "date": "2019-11-08",
          "price": 0.49,
          "unitPrice": 1.96
        },
        {
          "date": "2019-10-24",
          "price": 0.32,
          "unitPrice": 1.28
        },
        {
          "date": "2019-10-11",
          "price": 0.49,
          "unitPrice": 1.96
        },
        {
          "date": "2019-09-26",
          "price": 0.24,
          "unitPrice": 0.96
        },
        {
          "date": "2019-09-06",
          "price": 0.49,
          "unitPrice": 1.96
        },
        {
          "date": "2019-07-25",
          "price": 0.24,
          "unitPrice": 0.96
        },
        {
          "date": "2019-05-30",
          "price": 0.49,
          "unitPrice": 1.96
        },
        {
          "date": "2019-05-01",
          "price": 0.24,
          "unitPrice": 0.96
        },
        {
          "date": "2019-04-12",
          "price": 0.49,
          "unitPrice": 1.96
        },
        {
          "date": "2019-03-28",
          "price": 0.24,
          "unitPrice": 0.96
        },
        {
          "date": "2019-03-15",
          "price": 0.49,
          "unitPrice": 1.96
        },
        {
          "date": "2019-02-28",
          "price": 0.24,
          "unitPrice": 0.96
        },
        {
          "date": "2018-11-16",
          "price": 0.49,
          "unitPrice": 1.96
        },
        {
          "date": "2018-10-31",
          "price": 0.32,
          "unitPrice": 1.28
        },
        {
          "date": "2018-09-14",
          "price": 0.49,
          "unitPrice": 1.96
        },
        {
          "date": "2018-08-02",
          "price": 0.24,
          "unitPrice": 0.96
        },
        {
          "date": "2018-06-02",
          "price": 0.49,
          "unitPrice": 1.96
        },
        {
          "date": "2018-05-17",
          "price": 0.24,
          "unitPrice": 0.96
        },
        {
          "date": "2018-04-20",
          "price": 0.49,
          "unitPrice": 1.96
        },
        {
          "date": "2018-04-12",
          "price": 0.24,
          "unitPrice": 0.96
        },
        {
          "date": "2018-03-07",
          "price": 0.32,
          "unitPrice": 1.28
        },
        {
          "date": "2018-02-15",
          "price": 0.49,
          "unitPrice": 1.96
        },
        {
          "date": "2018-01-31",
          "price": 0.24,
          "unitPrice": 0.96
        },
        {
          "date": "2018-01-12",
          "price": 0.49,
          "unitPrice": 1.96
        },
        {
          "date": "2017-12-06",
          "price": 0.32,
          "unitPrice": 1.28
        },
        {
          "date": "2017-10-26",
          "price": 0.49,
          "unitPrice": 1.96
        },
        {
          "date": "2017-10-09",
          "price": 0.39,
          "unitPrice": 1.56
        },
        {
          "date": "2017-07-13",
          "price": 0.49,
          "unitPrice": 1.96
        },
        {
          "date": "2017-06-15",
          "price": 0.24,
          "unitPrice": 0.96
        },
        {
          "date": "2017-06-02",
          "price": 0.49,
          "unitPrice": 1.96
        },
        {
          "date": "2017-05-23",
          "price": 0.39,
          "unitPrice": 1.56
        },
        {
          "date": "2017-05-11",
          "price": 0.49,
          "unitPrice": 1.96
        },
        {
          "date": "2017-04-20",
          "price": 0.39,
          "unitPrice": 1.56
        }
      ],
      "isWeighted": false,
      "unit": "ml",
      "quantity": 250,
      "bio": false,
      "url": "",
      "search": "s-budget energydrink sugarfree 250 ml"
    },
    {
      "store": "billa",
      "id": "00-576272",
      "name": "Clever Frischkäse Kren",
      "category": "33",
      "unavailable": false,
      "price": 1.29,
      "priceHistory": [
        {
          "date": "2023-05-15",
          "price": 1.29,
          "unitPrice": 6.45
        },
        {
          "date": "2023-01-24",
          "price": 1.39,
          "unitPrice": 6.949999999999999
        },
        {
          "date": "2022-09-01",
          "price": 1.29,
          "unitPrice": 6.45
        },
        {
          "date": "2022-06-15",
          "price": 1.19,
          "unitPrice": 5.949999999999999
        },
        {
          "date": "2022-03-03",
          "price": 1.09,
          "unitPrice": 5.45
        },
        {
          "date": "2021-08-13",
          "price": 0.99,
          "unitPrice": 4.949999999999999
        },
        {
          "date": "2020-01-30",
          "price": 0.89,
          "unitPrice": 4.45
        },
        {
          "date": "2019-07-25",
          "price": 0.85,
          "unitPrice": 4.25
        },
        {
          "date": "2018-10-09",
          "price": 0.89,
          "unitPrice": 4.45
        },
        {
          "date": "2018-07-24",
          "price": 0.83,
          "unitPrice": 4.15
        },
        {
          "date": "2018-07-17",
          "price": 0.85,
          "unitPrice": 4.25
        },
        {
          "date": "2018-06-16",
          "price": 0.83,
          "unitPrice": 4.15
        },
        {
          "date": "2017-08-04",
          "price": 0.85,
          "unitPrice": 4.25
        },
        {
          "date": "2017-04-05",
          "price": 0.75,
          "unitPrice": 3.75
        }
      ],
      "isWeighted": false,
      "unit": "g",
      "quantity": 200,
      "bio": false,
      "url": "",
      "search": "clever frischkäse kren 200 g"
    },
    {
      "store": "spar",
      "id": "2020003984181",
      "name": "S-BUDGET Frischkäse- Zubereitung Kren",
      "category": "33",
      "unavailable": false,
      "price": 1.19,
      "priceHistory": [
        {
          "date": "2023-05-15",
          "price": 1.19,
          "unitPrice": 5.949999999999999
        },
        {
          "date": "2023-02-22",
          "price": 1.29,
          "unitPrice": 6.45
        },
        {
          "date": "2023-01-13",
          "price": 1.39,
          "unitPrice": 6.949999999999999
        },
        {
          "date": "2022-09-30",
          "price": 1.29,
          "unitPrice": 6.45
        },
        {
          "date": "2022-03-16",
          "price": 1.09,
          "unitPrice": 5.45
        },
        {
          "date": "2021-10-05",
          "price": 0.99,
          "unitPrice": 4.949999999999999
        }
      ],
      "isWeighted": false,
      "unit": "g",
      "quantity": 200,
      "bio": false,
      "url": "",
      "search": "s-budget frischkäse- zubereitung kren 200 g"
    },
    {
      "store": "billa",
      "id": "00-320422",
      "name": "Clever Frischkäse Kräuter",
      "category": "33",
      "unavailable": false,
      "price": 1.29,
      "priceHistory": [
        {
          "date": "2023-02-24",
          "price": 1.29,
          "unitPrice": 6.45
        },
        {
          "date": "2023-01-17",
          "price": 1.39,
          "unitPrice": 6.949999999999999
        },
        {
          "date": "2022-09-01",
          "price": 1.29,
          "unitPrice": 6.45
        },
        {
          "date": "2022-06-15",
          "price": 1.19,
          "unitPrice": 5.949999999999999
        },
        {
          "date": "2022-03-03",
          "price": 1.09,
          "unitPrice": 5.45
        },
        {
          "date": "2021-08-13",
          "price": 0.99,
          "unitPrice": 4.949999999999999
        },
        {
          "date": "2020-01-30",
          "price": 0.89,
          "unitPrice": 4.45
        },
        {
          "date": "2019-07-25",
          "price": 0.85,
          "unitPrice": 4.25
        },
        {
          "date": "2018-10-09",
          "price": 0.89,
          "unitPrice": 4.45
        },
        {
          "date": "2018-07-24",
          "price": 0.83,
          "unitPrice": 4.15
        },
        {
          "date": "2018-07-17",
          "price": 0.85,
          "unitPrice": 4.25
        },
        {
          "date": "2018-06-16",
          "price": 0.83,
          "unitPrice": 4.15
        },
        {
          "date": "2017-08-04",
          "price": 0.85,
          "unitPrice": 4.25
        },
        {
          "date": "2017-04-05",
          "price": 0.75,
          "unitPrice": 3.75
        }
      ],
      "isWeighted": false,
      "unit": "g",
      "quantity": 200,
      "bio": false,
      "url": "",
      "search": "clever frischkäse kräuter 200 g"
    },
    {
      "store": "spar",
      "id": "2020003984174",
      "name": "S-BUDGET Frischkäse Zubereitung Kräuter",
      "category": "33",
      "unavailable": false,
      "price": 1.19,
      "priceHistory": [
        {
          "date": "2023-05-15",
          "price": 1.19,
          "unitPrice": 5.949999999999999
        },
        {
          "date": "2023-02-22",
          "price": 1.29,
          "unitPrice": 6.45
        },
        {
          "date": "2023-01-13",
          "price": 1.39,
          "unitPrice": 6.949999999999999
        },
        {
          "date": "2022-09-30",
          "price": 1.29,
          "unitPrice": 6.45
        },
        {
          "date": "2022-03-16",
          "price": 1.09,
          "unitPrice": 5.45
        },
        {
          "date": "2021-10-05",
          "price": 0.99,
          "unitPrice": 4.949999999999999
        }
      ],
      "isWeighted": false,
      "unit": "g",
      "quantity": 200,
      "bio": false,
      "url": "",
      "search": "s-budget frischkäse zubereitung kräuter 200 g"
    },
    {
      "store": "billa",
      "id": "00-320394",
      "name": "Clever Frischkäse Natur",
      "category": "33",
      "unavailable": false,
      "price": 1.29,
      "priceHistory": [
        {
          "date": "2023-02-24",
          "price": 1.29,
          "unitPrice": 6.45
        },
        {
          "date": "2023-01-17",
          "price": 1.39,
          "unitPrice": 6.949999999999999
        },
        {
          "date": "2022-09-01",
          "price": 1.29,
          "unitPrice": 6.45
        },
        {
          "date": "2022-06-15",
          "price": 1.19,
          "unitPrice": 5.949999999999999
        },
        {
          "date": "2022-03-03",
          "price": 1.09,
          "unitPrice": 5.45
        },
        {
          "date": "2021-08-13",
          "price": 0.99,
          "unitPrice": 4.949999999999999
        },
        {
          "date": "2020-01-30",
          "price": 0.89,
          "unitPrice": 4.45
        },
        {
          "date": "2019-07-25",
          "price": 0.85,
          "unitPrice": 4.25
        },
        {
          "date": "2018-10-09",
          "price": 0.89,
          "unitPrice": 4.45
        },
        {
          "date": "2018-07-24",
          "price": 0.83,
          "unitPrice": 4.15
        },
        {
          "date": "2018-07-17",
          "price": 0.85,
          "unitPrice": 4.25
        },
        {
          "date": "2018-06-16",
          "price": 0.83,
          "unitPrice": 4.15
        },
        {
          "date": "2017-08-04",
          "price": 0.85,
          "unitPrice": 4.25
        },
        {
          "date": "2017-04-05",
          "price": 0.75,
          "unitPrice": 3.75
        }
      ],
      "isWeighted": false,
      "unit": "g",
      "quantity": 200,
      "bio": false,
      "url": "",
      "search": "clever frischkäse natur 200 g"
    },
    {
      "store": "spar",
      "id": "2020003984167",
      "name": "S-BUDGET Frischkäse- Zubereitung Natur",
      "category": "33",
      "unavailable": false,
      "price": 1.19,
      "priceHistory": [
        {
          "date": "2023-05-15",
          "price": 1.19,
          "unitPrice": 5.949999999999999
        },
        {
          "date": "2023-02-22",
          "price": 1.29,
          "unitPrice": 6.45
        },
        {
          "date": "2023-01-13",
          "price": 1.39,
          "unitPrice": 6.949999999999999
        },
        {
          "date": "2022-09-30",
          "price": 1.29,
          "unitPrice": 6.45
        },
        {
          "date": "2022-03-16",
          "price": 1.09,
          "unitPrice": 5.45
        },
        {
          "date": "2021-10-05",
          "price": 0.99,
          "unitPrice": 4.949999999999999
        }
      ],
      "isWeighted": false,
      "unit": "g",
      "quantity": 200,
      "bio": false,
      "url": "",
      "search": "s-budget frischkäse- zubereitung natur 200 g"
    },
    {
      "store": "billa",
      "id": "00-854134",
      "name": "Clever Fruchtcocktail",
      "category": "57",
      "unavailable": false,
      "price": 1.99,
      "priceHistory": [
        {
          "date": "2023-04-29",
          "price": 1.99,
          "unitPrice": 2.426829268292683
        },
        {
          "date": "2022-11-29",
          "price": 1.69,
          "unitPrice": 2.0609756097560976
        },
        {
          "date": "2022-10-25",
          "price": 1.99,
          "unitPrice": 2.426829268292683
        },
        {
          "date": "2022-03-01",
          "price": 1.69,
          "unitPrice": 2.0609756097560976
        },
        {
          "date": "2021-04-07",
          "price": 1.39,
          "unitPrice": 1.6951219512195121
        },
        {
          "date": "2017-11-28",
          "price": 1.49,
          "unitPrice": 1.8170731707317074
        },
        {
          "date": "2017-10-09",
          "price": 1.39,
          "unitPrice": 1.6951219512195121
        },
        {
          "date": "2017-07-13",
          "price": 1.59,
          "unitPrice": 1.9390243902439026
        },
        {
          "date": "2017-04-05",
          "price": 1.39,
          "unitPrice": 1.6951219512195121
        }
      ],
      "isWeighted": false,
      "unit": "g",
      "quantity": 820,
      "bio": false,
      "url": "",
      "search": "clever fruchtcocktail 820 g"
    },
    {
      "store": "spar",
      "id": "6619923",
      "name": "S-BUDGET Fruchtcocktail leicht gezuckert",
      "category": "57",
      "unavailable": false,
      "price": 2.19,
      "priceHistory": [
        {
          "date": "2023-05-23",
          "price": 2.19,
          "unitPrice": 2.670731707317073
        },
        {
          "date": "2023-02-28",
          "price": 1.99,
          "unitPrice": 2.426829268292683
        },
        {
          "date": "2021-12-01",
          "price": 1.69,
          "unitPrice": 2.0609756097560976
        },
        {
          "date": "2021-03-17",
          "price": 1.39,
          "unitPrice": 1.6951219512195121
        },
        {
          "date": "2018-02-16",
          "price": 1.49,
          "unitPrice": 1.8170731707317074
        },
        {
          "date": "2017-05-09",
          "price": 1.39,
          "unitPrice": 1.6951219512195121
        },
        {
          "date": "2017-04-20",
          "price": 1.59,
          "unitPrice": 1.9390243902439026
        }
      ],
      "isWeighted": false,
      "unit": "g",
      "quantity": 820,
      "bio": false,
      "url": "",
      "search": "s-budget fruchtcocktail leicht gezuckert 820 g"
    },
    {
      "store": "billa",
      "id": "00-309662",
      "name": "Clever Langkornreis",
      "category": "5B",
      "unavailable": false,
      "price": 1.19,
      "priceHistory": [
        {
          "date": "2023-05-13",
          "price": 1.19,
          "unitPrice": 1.19
        },
        {
          "date": "2023-03-10",
          "price": 1.29,
          "unitPrice": 1.29
        },
        {
          "date": "2022-11-10",
          "price": 1.19,
          "unitPrice": 1.19
        },
        {
          "date": "2022-08-11",
          "price": 1.09,
          "unitPrice": 1.09
        },
        {
          "date": "2022-07-28",
          "price": 0.89,
          "unitPrice": 0.89
        },
        {
          "date": "2022-05-28",
          "price": 0.99,
          "unitPrice": 0.99
        },
        {
          "date": "2022-04-21",
          "price": 0.85,
          "unitPrice": 0.85
        },
        {
          "date": "2019-12-11",
          "price": 0.79,
          "unitPrice": 0.79
        }
      ],
      "isWeighted": false,
      "unit": "g",
      "quantity": 1000,
      "bio": false,
      "url": "",
      "search": "clever langkornreis 1000 g"
    },
    {
      "store": "spar",
      "id": "6481889",
      "name": "S-BUDGET Langkornreis",
      "category": "5B",
      "unavailable": false,
      "price": 1.29,
      "priceHistory": [
        {
          "date": "2023-02-28",
          "price": 1.29,
          "unitPrice": 1.29
        },
        {
          "date": "2022-09-30",
          "price": 1.19,
          "unitPrice": 1.19
        },
        {
          "date": "2022-04-06",
          "price": 0.99,
          "unitPrice": 0.99
        },
        {
          "date": "2017-12-05",
          "price": 0.79,
          "unitPrice": 0.79
        },
        {
          "date": "2017-04-20",
          "price": 0.69,
          "unitPrice": 0.69
        }
      ],
      "isWeighted": false,
      "unit": "g",
      "quantity": 1000,
      "bio": false,
      "url": "",
      "search": "s-budget langkornreis 1000 g"
    },
    {
      "store": "billa",
      "id": "00-736914",
      "name": "Clever Linsen",
      "category": "57",
      "unavailable": true,
      "price": 0.89,
      "priceHistory": [
        {
          "date": "2022-11-24",
          "price": 0.89,
          "unitPrice": 1.1125
        },
        {
          "date": "2022-10-06",
          "price": 0.79,
          "unitPrice": 0.9875
        },
        {
          "date": "2022-07-21",
          "price": 0.99,
          "unitPrice": 1.2374999999999998
        },
        {
          "date": "2021-10-14",
          "price": 0.75,
          "unitPrice": 0.9375
        },
        {
          "date": "2020-08-13",
          "price": 0.69,
          "unitPrice": 0.8624999999999999
        },
        {
          "date": "2020-07-16",
          "price": 0.79,
          "unitPrice": 0.9875
        },
        {
          "date": "2018-03-01",
          "price": 0.69,
          "unitPrice": 0.8624999999999999
        },
        {
          "date": "2017-09-25",
          "price": 0.67,
          "unitPrice": 0.8375
        },
        {
          "date": "2017-07-13",
          "price": 0.69,
          "unitPrice": 0.8624999999999999
        },
        {
          "date": "2017-04-05",
          "price": 0.67,
          "unitPrice": 0.8375
        }
      ],
      "isWeighted": false,
      "unit": "g",
      "quantity": 800,
      "bio": false,
      "url": "",
      "search": "clever linsen 800 g"
    },
    {
      "store": "spar",
      "id": "2758800",
      "name": "S-BUDGET Linsen",
      "category": "57",
      "unavailable": false,
      "price": 0.99,
      "priceHistory": [
        {
          "date": "2023-05-23",
          "price": 0.99,
          "unitPrice": 1.2374999999999998
        },
        {
          "date": "2023-02-14",
          "price": 0.89,
          "unitPrice": 1.1125
        },
        {
          "date": "2022-04-06",
          "price": 0.79,
          "unitPrice": 0.9875
        },
        {
          "date": "2021-10-20",
          "price": 0.75,
          "unitPrice": 0.9375
        },
        {
          "date": "2020-07-29",
          "price": 0.69,
          "unitPrice": 0.8624999999999999
        },
        {
          "date": "2020-06-17",
          "price": 0.79,
          "unitPrice": 0.9875
        },
        {
          "date": "2018-03-30",
          "price": 0.69,
          "unitPrice": 0.8624999999999999
        },
        {
          "date": "2017-04-20",
          "price": 0.68,
          "unitPrice": 0.8500000000000001
        }
      ],
      "isWeighted": false,
      "unit": "g",
      "quantity": 800,
      "bio": false,
      "url": "",
      "search": "s-budget linsen 800 g"
    },
    {
      "store": "billa",
      "id": "00-283859",
      "name": "Clever Linzerstangerl",
      "category": "13",
      "unavailable": false,
      "price": 1.59,
      "priceHistory": [
        {
          "date": "2023-01-06",
          "price": 1.59,
          "unitPrice": 7.95
        },
        {
          "date": "2022-06-30",
          "price": 1.49,
          "unitPrice": 7.45
        },
        {
          "date": "2022-06-15",
          "price": 1.59,
          "unitPrice": 7.95
        },
        {
          "date": "2022-05-05",
          "price": 1.49,
          "unitPrice": 7.45
        },
        {
          "date": "2022-04-21",
          "price": 1.39,
          "unitPrice": 6.949999999999999
        },
        {
          "date": "2021-11-11",
          "price": 1.49,
          "unitPrice": 7.45
        },
        {
          "date": "2019-08-28",
          "price": 1.39,
          "unitPrice": 6.949999999999999
        }
      ],
      "isWeighted": false,
      "unit": "g",
      "quantity": 200,
      "bio": false,
      "url": "",
      "search": "clever linzerstangerl 200 g"
    },
    {
      "store": "spar",
      "id": "2020002106911",
      "name": "S-BUDGET Linzerstangerl 4 Stück",
      "category": "12",
      "unavailable": false,
      "price": 1.89,
      "priceHistory": [
        {
          "date": "2023-01-17",
          "price": 1.89,
          "unitPrice": 9.45
        },
        {
          "date": "2022-09-30",
          "price": 1.79,
          "unitPrice": 8.95
        },
        {
          "date": "2022-02-02",
          "price": 1.59,
          "unitPrice": 7.95
        },
        {
          "date": "2018-09-01",
          "price": 1.39,
          "unitPrice": 6.949999999999999
        },
        {
          "date": "2017-12-14",
          "price": 1.25,
          "unitPrice": 6.25
        }
      ],
      "isWeighted": false,
      "unit": "g",
      "quantity": 200,
      "bio": false,
      "url": "",
      "search": "s-budget linzerstangerl 4 stück 200 g"
    },
    {
      "store": "billa",
      "id": "00-414868",
      "name": "Clever Mayonnaise 25 %",
      "category": "5C",
      "unavailable": false,
      "price": 1.49,
      "priceHistory": [
        {
          "date": "2023-06-07",
          "price": 1.49,
          "unitPrice": 5.418181818181819
        },
        {
          "date": "2023-05-22",
          "price": 1.27,
          "unitPrice": 4.618181818181818
        },
        {
          "date": "2023-04-15",
          "price": 1.49,
          "unitPrice": 5.418181818181819
        },
        {
          "date": "2022-11-10",
          "price": 1.39,
          "unitPrice": 5.054545454545454
        },
        {
          "date": "2022-09-19",
          "price": 1.19,
          "unitPrice": 4.327272727272727
        },
        {
          "date": "2022-07-28",
          "price": 0.99,
          "unitPrice": 3.6
        },
        {
          "date": "2022-03-17",
          "price": 0.95,
          "unitPrice": 3.4545454545454546
        },
        {
          "date": "2021-10-14",
          "price": 0.89,
          "unitPrice": 3.2363636363636368
        },
        {
          "date": "2018-01-08",
          "price": 0.79,
          "unitPrice": 2.872727272727273
        },
        {
          "date": "2017-12-06",
          "price": 0.89,
          "unitPrice": 3.2363636363636368
        },
        {
          "date": "2017-04-05",
          "price": 0.79,
          "unitPrice": 2.872727272727273
        }
      ],
      "isWeighted": false,
      "unit": "g",
      "quantity": 275,
      "bio": false,
      "url": "",
      "search": "clever mayonnaise 25 % 275 g"
    },
    {
      "store": "spar",
      "id": "7284977",
      "name": "S-BUDGET Mayonnaise 25% Fett",
      "category": "5C",
      "unavailable": false,
      "price": 1.39,
      "priceHistory": [
        {
          "date": "2023-06-20",
          "price": 1.39,
          "unitPrice": 5.054545454545454
        },
        {
          "date": "2023-02-28",
          "price": 1.49,
          "unitPrice": 5.418181818181819
        },
        {
          "date": "2022-11-15",
          "price": 1.39,
          "unitPrice": 5.054545454545454
        },
        {
          "date": "2022-09-30",
          "price": 1.19,
          "unitPrice": 4.327272727272727
        },
        {
          "date": "2022-02-16",
          "price": 0.95,
          "unitPrice": 3.4545454545454546
        },
        {
          "date": "2021-10-06",
          "price": 0.89,
          "unitPrice": 3.2363636363636368
        },
        {
          "date": "2021-05-12",
          "price": 0.79,
          "unitPrice": 2.872727272727273
        },
        {
          "date": "2021-01-20",
          "price": 0.89,
          "unitPrice": 3.2363636363636368
        },
        {
          "date": "2017-04-20",
          "price": 0.79,
          "unitPrice": 2.872727272727273
        }
      ],
      "isWeighted": false,
      "unit": "ml",
      "quantity": 275,
      "bio": false,
      "url": "",
      "search": "s-budget mayonnaise 25% fett 275 ml"
    },
    {
      "store": "billa",
      "id": "00-966988",
      "name": "Clever Pfefferoni mild",
      "category": "57",
      "unavailable": true,
      "price": 1.19,
      "priceHistory": [
        {
          "date": "2019-01-30",
          "price": 1.19,
          "unitPrice": 1.983333333333333
        }
      ],
      "isWeighted": false,
      "unit": "g",
      "quantity": 600,
      "bio": false,
      "url": "",
      "search": "clever pfefferoni mild 600 g"
    },
    {
      "store": "spar",
      "id": "1194036",
      "name": "S-BUDGET Pfefferoni mild",
      "category": "57",
      "unavailable": false,
      "price": 1.09,
      "priceHistory": [
        {
          "date": "2023-03-28",
          "price": 1.09,
          "unitPrice": 1.8166666666666667
        },
        {
          "date": "2018-10-24",
          "price": 1.19,
          "unitPrice": 1.983333333333333
        },
        {
          "date": "2018-07-12",
          "price": 1.29,
          "unitPrice": 2.15
        },
        {
          "date": "2017-04-20",
          "price": 1.19,
          "unitPrice": 1.983333333333333
        }
      ],
      "isWeighted": false,
      "unit": "g",
      "quantity": 600,
      "bio": false,
      "url": "",
      "search": "s-budget pfefferoni mild 600 g"
    },
    {
      "store": "billa",
      "id": "00-507295",
      "name": "Clever Riesengarnelen geschält",
      "category": "43",
      "unavailable": false,
      "price": 4.49,
      "priceHistory": [
        {
          "date": "2023-01-19",
          "price": 4.49,
          "unitPrice": 19.955555555555556
        }
      ],
      "isWeighted": false,
      "unit": "g",
      "quantity": 225,
      "bio": false,
      "url": "",
      "search": "clever riesengarnelen geschält 225 g"
    },
    {
      "store": "spar",
      "id": "7809538",
      "name": "S-BUDGET Riesengarnelen tiefgekühlt",
      "category": "43",
      "unavailable": false,
      "price": 4.99,
      "priceHistory": [
        {
          "date": "2022-01-04",
          "price": 4.99,
          "unitPrice": 22.177777777777777
        },
        {
          "date": "2017-04-20",
          "price": 4.49,
          "unitPrice": 19.955555555555556
        }
      ],
      "isWeighted": false,
      "unit": "g",
      "quantity": 225,
      "bio": false,
      "url": "",
      "search": "s-budget riesengarnelen tiefgekühlt 225 g"
    },
    {
      "store": "billa",
      "id": "00-966986",
      "name": "Clever Rote Rübensalat",
      "category": "57",
      "unavailable": false,
      "price": 1.09,
      "priceHistory": [
        {
          "date": "2022-07-21",
          "price": 1.09,
          "unitPrice": 1.626865671641791
        },
        {
          "date": "2022-03-17",
          "price": 0.99,
          "unitPrice": 1.4776119402985075
        },
        {
          "date": "2020-02-13",
          "price": 0.87,
          "unitPrice": 1.2985074626865671
        },
        {
          "date": "2019-06-12",
          "price": 0.89,
          "unitPrice": 1.328358208955224
        }
      ],
      "isWeighted": false,
      "unit": "g",
      "quantity": 670,
      "bio": false,
      "url": "",
      "search": "clever rote rübensalat 670 g"
    },
    {
      "store": "spar",
      "id": "2136424",
      "name": "S-BUDGET Rote Rüben Salat",
      "category": "57",
      "unavailable": false,
      "price": 0.89,
      "priceHistory": [
        {
          "date": "2022-12-21",
          "price": 0.89,
          "unitPrice": 1.328358208955224
        },
        {
          "date": "2022-09-30",
          "price": 1.09,
          "unitPrice": 1.626865671641791
        },
        {
          "date": "2022-03-30",
          "price": 0.99,
          "unitPrice": 1.4776119402985075
        },
        {
          "date": "2022-02-11",
          "price": 0.89,
          "unitPrice": 1.328358208955224
        },
        {
          "date": "2021-03-17",
          "price": 0.85,
          "unitPrice": 1.2686567164179103
        },
        {
          "date": "2019-02-24",
          "price": 0.87,
          "unitPrice": 1.2985074626865671
        },
        {
          "date": "2017-04-20",
          "price": 0.89,
          "unitPrice": 1.328358208955224
        }
      ],
      "isWeighted": false,
      "unit": "g",
      "quantity": 670,
      "bio": false,
      "url": "",
      "search": "s-budget rote rüben salat 670 g"
    },
    {
      "store": "billa",
      "id": "00-312931",
      "name": "Clever Schlemmerfilet Bordelaise",
      "category": "43",
      "unavailable": false,
      "price": 2.99,
      "priceHistory": [
        {
          "date": "2023-05-15",
          "price": 2.99,
          "unitPrice": 7.4750000000000005
        },
        {
          "date": "2022-12-15",
          "price": 2.69,
          "unitPrice": 6.725
        },
        {
          "date": "2022-09-08",
          "price": 2.49,
          "unitPrice": 6.2250000000000005
        },
        {
          "date": "2022-08-05",
          "price": 2.39,
          "unitPrice": 5.9750000000000005
        },
        {
          "date": "2022-07-08",
          "price": 2.29,
          "unitPrice": 5.725
        },
        {
          "date": "2022-02-04",
          "price": 1.99,
          "unitPrice": 4.9750000000000005
        },
        {
          "date": "2021-05-27",
          "price": 1.89,
          "unitPrice": 4.725
        },
        {
          "date": "2020-08-06",
          "price": 1.99,
          "unitPrice": 4.9750000000000005
        },
        {
          "date": "2020-01-16",
          "price": 1.89,
          "unitPrice": 4.725
        },
        {
          "date": "2019-08-21",
          "price": 2.29,
          "unitPrice": 5.725
        }
      ],
      "isWeighted": false,
      "unit": "g",
      "quantity": 400,
      "bio": false,
      "url": "",
      "search": "clever schlemmerfilet bordelaise 400 g"
    },
    {
      "store": "spar",
      "id": "2020001337743",
      "name": "S-BUDGET Schlemmerfilet Bordelaise",
      "category": "42",
      "unavailable": false,
      "price": 3.29,
      "priceHistory": [
        {
          "date": "2023-01-17",
          "price": 3.29,
          "unitPrice": 8.225
        },
        {
          "date": "2022-09-30",
          "price": 2.99,
          "unitPrice": 7.4750000000000005
        },
        {
          "date": "2022-01-11",
          "price": 2.39,
          "unitPrice": 5.9750000000000005
        },
        {
          "date": "2019-03-10",
          "price": 2.29,
          "unitPrice": 5.725
        },
        {
          "date": "2017-10-10",
          "price": 1.89,
          "unitPrice": 4.725
        }
      ],
      "isWeighted": false,
      "unit": "g",
      "quantity": 400,
      "bio": false,
      "url": "",
      "search": "s-budget schlemmerfilet bordelaise 400 g"
    },
    {
      "store": "billa",
      "id": "00-312930",
      "name": "Clever Schlemmerfilet Broccoli",
      "category": "43",
      "unavailable": false,
      "price": 2.99,
      "priceHistory": [
        {
          "date": "2023-04-29",
          "price": 2.99,
          "unitPrice": 7.4750000000000005
        },
        {
          "date": "2023-01-19",
          "price": 2.69,
          "unitPrice": 6.725
        },
        {
          "date": "2022-09-08",
          "price": 2.49,
          "unitPrice": 6.2250000000000005
        },
        {
          "date": "2022-08-04",
          "price": 2.39,
          "unitPrice": 5.9750000000000005
        },
        {
          "date": "2022-07-08",
          "price": 2.29,
          "unitPrice": 5.725
        },
        {
          "date": "2022-02-04",
          "price": 1.99,
          "unitPrice": 4.9750000000000005
        },
        {
          "date": "2021-05-27",
          "price": 1.89,
          "unitPrice": 4.725
        },
        {
          "date": "2020-08-06",
          "price": 1.99,
          "unitPrice": 4.9750000000000005
        },
        {
          "date": "2020-01-16",
          "price": 1.89,
          "unitPrice": 4.725
        },
        {
          "date": "2019-08-21",
          "price": 2.29,
          "unitPrice": 5.725
        }
      ],
      "isWeighted": false,
      "unit": "g",
      "quantity": 400,
      "bio": false,
      "url": "",
      "search": "clever schlemmerfilet broccoli 400 g"
    },
    {
      "store": "spar",
      "id": "2020001337743",
      "name": "S-BUDGET Schlemmerfilet Bordelaise",
      "category": "42",
      "unavailable": false,
      "price": 3.29,
      "priceHistory": [
        {
          "date": "2023-01-17",
          "price": 3.29,
          "unitPrice": 8.225
        },
        {
          "date": "2022-09-30",
          "price": 2.99,
          "unitPrice": 7.4750000000000005
        },
        {
          "date": "2022-01-11",
          "price": 2.39,
          "unitPrice": 5.9750000000000005
        },
        {
          "date": "2019-03-10",
          "price": 2.29,
          "unitPrice": 5.725
        },
        {
          "date": "2017-10-10",
          "price": 1.89,
          "unitPrice": 4.725
        }
      ],
      "isWeighted": false,
      "unit": "g",
      "quantity": 400,
      "bio": false,
      "url": "",
      "search": "s-budget schlemmerfilet bordelaise 400 g"
    },
    {
      "store": "billa",
      "id": "00-856700",
      "name": "Clever Sirup Orangeade",
      "category": "20",
      "unavailable": false,
      "price": 2.49,
      "priceHistory": [
        {
          "date": "2022-11-09",
          "price": 2.49,
          "unitPrice": 1.6600000000000001
        },
        {
          "date": "2022-06-10",
          "price": 1.99,
          "unitPrice": 1.3266666666666667
        },
        {
          "date": "2022-03-22",
          "price": 2.15,
          "unitPrice": 1.4333333333333333
        },
        {
          "date": "2022-02-16",
          "price": 1.99,
          "unitPrice": 1.3266666666666667
        },
        {
          "date": "2017-04-05",
          "price": 1.79,
          "unitPrice": 1.1933333333333334
        }
      ],
      "isWeighted": false,
      "unit": "ml",
      "quantity": 1500,
      "bio": false,
      "url": "",
      "search": "clever sirup orangeade 1500 ml"
    },
    {
      "store": "spar",
      "id": "6461386",
      "name": "S-BUDGET Orangen Sirup",
      "category": "20",
      "unavailable": false,
      "price": 3.49,
      "priceHistory": [
        {
          "date": "2022-11-15",
          "price": 3.49,
          "unitPrice": 2.326666666666667
        },
        {
          "date": "2022-10-11",
          "price": 2.99,
          "unitPrice": 1.9933333333333334
        },
        {
          "date": "2022-09-30",
          "price": 2.89,
          "unitPrice": 1.9266666666666667
        },
        {
          "date": "2022-02-09",
          "price": 2.69,
          "unitPrice": 1.7933333333333332
        },
        {
          "date": "2021-10-13",
          "price": 2.49,
          "unitPrice": 1.6600000000000001
        },
        {
          "date": "2017-04-20",
          "price": 1.79,
          "unitPrice": 1.1933333333333334
        }
      ],
      "isWeighted": false,
      "unit": "ml",
      "quantity": 1500,
      "bio": false,
      "url": "",
      "search": "s-budget orangen sirup 1500 ml"
    },
    {
      "store": "billa",
      "id": "00-335709",
      "name": "Clever Sonnenblumenbrot",
      "category": "11",
      "unavailable": false,
      "price": 1.79,
      "priceHistory": [
        {
          "date": "2023-06-22",
          "price": 1.79,
          "unitPrice": 3.58
        },
        {
          "date": "2022-11-18",
          "price": 1.89,
          "unitPrice": 3.78
        },
        {
          "date": "2022-03-31",
          "price": 1.79,
          "unitPrice": 3.58
        },
        {
          "date": "2021-11-18",
          "price": 1.69,
          "unitPrice": 3.38
        },
        {
          "date": "2019-11-06",
          "price": 1.59,
          "unitPrice": 3.18
        }
      ],
      "isWeighted": false,
      "unit": "g",
      "quantity": 500,
      "bio": false,
      "url": "",
      "search": "clever sonnenblumenbrot 500 g"
    },
    {
      "store": "spar",
      "id": "2020000692386",
      "name": "S-BUDGET Sonnenblumenbrot",
      "category": "11",
      "unavailable": false,
      "price": 1.99,
      "priceHistory": [
        {
          "date": "2023-01-17",
          "price": 1.99,
          "unitPrice": 3.98
        },
        {
          "date": "2022-03-30",
          "price": 1.79,
          "unitPrice": 3.58
        },
        {
          "date": "2022-02-02",
          "price": 1.69,
          "unitPrice": 3.38
        },
        {
          "date": "2017-04-20",
          "price": 1.59,
          "unitPrice": 3.18
        }
      ],
      "isWeighted": false,
      "unit": "g",
      "quantity": 500,
      "bio": false,
      "url": "",
      "search": "s-budget sonnenblumenbrot 500 g"
    },
    {
      "store": "billa",
      "id": "00-522502",
      "name": "Clever Trockenhefe 6er",
      "category": "52",
      "unavailable": false,
      "price": 0.59,
      "priceHistory": [
        {
          "date": "2022-07-20",
          "price": 0.59,
          "unitPrice": 14.047619047619047
        }
      ],
      "isWeighted": false,
      "unit": "g",
      "quantity": 42,
      "bio": false,
      "url": "",
      "search": "clever trockenhefe 6er 42 g"
    },
    {
      "store": "spar",
      "id": "2020003337277",
      "name": "S-BUDGET Trockengerm",
      "category": "52",
      "unavailable": false,
      "price": 0.58,
      "priceHistory": [
        {
          "date": "2021-03-03",
          "price": 0.58,
          "unitPrice": 13.809523809523808
        },
        {
          "date": "2020-05-21",
          "price": 0.59,
          "unitPrice": 14.047619047619047
        }
      ],
      "isWeighted": false,
      "unit": "g",
      "quantity": 42,
      "bio": false,
      "url": "",
      "search": "s-budget trockengerm 42 g"
    }
  ]
}